2731 4096
929 171 2337 338 Plan for the creation &c of Annuity Notes.
1147 321 1898 428 II Eventual Extension.
761 461 2548 592 [19] [1] That, if by this and other means, 3 per cent Stock Annuities should
749 594 2548 718 ever have risen to par, [1] the produce of the issue of Note Annuities be thereupon
753 736 2462 860 applied to the paying off, instead of buying in, [2] Stock Annuities; and so
754 857 2493 1001 toties quoties, buying in whenever they are under par, paying off, whenever
755 1005 1478 1145 they are at or above par. _
766 1127 2550 1254 [20] [2] That, inasmuch as the paying off Stock Annuities, the greatest part
764 1263 2496 1391 thereof carrying 3 per cent, will lead to a rapid and almost simultaneous con-­
740 1388 2536 1527 version of the whole amount thereof into Note Annuities bearing nearly the same
1790 1488 2100 1565 redemption
765 1532 2490 1645 rate of interest; and inasmuch as, upon the completion of the last parcel of
772 1650 2491 1792 redeemable stock Annuities, the emission of Note Annuities at this rate of
770 1750 2521 1937 Interest must, (according to Article 6th) immediately cease; and inasmuch as the
1485 1870 2367 1964 will already
773 1931 2484 2072 quantity of Government Annuities ^ in the mean time will have ^ been much
783 2052 2542 2201 reduced, and, by the continued operation of the continually increasing powers of
862 2145 1048 2238 existing
778 2179 2544 2347 the ^ Sinking Funds, the scarcity will be growing greater and greater every day, [ ]
752 2324 2557 2473 (notwithstanding that, being continually exposed to be paid off at par, they will
771 2454 2574 2622 be incapable of bearing any considerable premium) [1] the Offices be opened thereup­
1354 2545 1571 2614 second
783 2580 2506 2742 on for the emission of a ^ fresh issue at a reduced rate of Interest; [2] say 2 3/8 per
2214 2714 2324 2767 Note
777 2715 2574 2887 cent nearly: (viz by increasing raising the price of the standard from £12..16s
1725 2808 2562 2912 and as fast next comes in applied
778 2854 2545 2997 to £16): the produce of such 2d issue to be appropriated to the paying off the
780 2935 2560 3018 of the said first issue: the amount of such second consequently <gap/> to the
775 2985 2554 3051 amount of the <gap/> of the said First Issue: 2d after being there can
774 3022 1665 3091 Note Annuities of the said first issue
794 3041 2537 3128 <gap/> open from the first and <gap/> <gap/> open to the last to <gap/> the
790 3092 2560 3175 money as fast as it is expelled from the first issue and with the money [+]
785 3142 2571 3261 [21] [3] That immediately upon the redemption of the last parcel of Note Annuities
814 3198 2524 3310 applied to the redempt paying off the Notes of the first issue,
790 3260 2562 3394 of the first issue, the Offices be again opened for the emission of a 3d issue, at
825 3335 2540 3427 a and the second issue to close, as soon as the redemption of the
767 3390 2547 3535 still lower rate of Interest, say 1 1/2 per cent nearly: (viz: by raising the price
801 3467 2190 3565 Notes of the first issue shall have been compleated.
770 3504 2558 3685 of the standard Note from £16 to £25: 4s): the produce thereof to be appro­
784 3642 2508 3794 priated to the redemption of the Note Annuities of the second issue,
790 3790 1054 3868 as above.
