2731 4096
1361 211 1592 294 Art. 1.
232 455 1911 577 6. Yearly or half Yearly, there are many cases in which the probability
235 562 1893 682 is, that it would not be applied for at the Government Offices: inasmuch
238 680 1864 778 as it would be receivable with a less trouble, by the individual who
239 803 1913 921 passes it, from the individual to whom he passes it, as is the practise in the
875 855 1825 947 <INS> and
241 884 1960 1030 case of Exchequer Bills, Navy Bills, and in other instances. _ <gap/> India
242 1002 415 1068 Bonds.
405 1002 1933 1127 On the other hand, were these Annuities ever to take the place of the
239 1132 1905 1270 Stock Annuities, and so become the only redeemable Government Annuities,
200 1217 1954 1434 (an event which it will be seen is regarded as a probable one) the retarda­
245 1357 1860 1495 tion when thus become universal might perhaps be found productive of a
247 1526 1029 1636 serious degree of inconvenience _ _
234 1806 1916 1948 The case sums to be, that if the interest were made re­
232 1938 1918 2052 ­ceivable half yearly, and the operation of recieving were
274 2050 1875 2146 renderd as easy as it is capable of being rendered, the
264 2159 1903 2271 disposition to forbear receiving the interest wo would
267 2274 1938 2380 be very general, especially upon the small notes: and that
276 2379 1941 2482 in that case, although it were made removable half
286 2469 1938 2579 yearly it would neither be received half yearly, nor
276 2589 1998 2685 so much as yearly: although if there were no possibility
280 2690 1878 2804 of recieving it so frequently as half yearly, the um
1200 2775 1391 2850 existing
289 2796 1993 2935 unfrequency (compared with the practice in the case of
281 2912 1911 3032 the exisitng Stock Annuities) woul might operate as
275 2988 1928 3130 a considerable obstacle to the currency of the proposed
571 3068 2212 3190 An idea that naturally presents itself in the first place, is _
257 3124 1955 3268 paper. The first thought that <gap/> is _ that the
271 3212 620 3295 most effectual
272 3212 1962 3368 way to if rendering it a common practice to forbear
287 3340 1962 3457 receiving the interest, is to render the operation of recieving
297 3448 1936 3541 it a troublesome one. But, upon a second thought
1170 3488 1282 3548 this
299 3525 1875 3634 it will appear, not only that, is the way to hurt the
251 3612 457 3672 currency
290 3601 1987 3741 credit of the paper, but that a directly opposite course
298 3679 1930 3788 has a much stronger tendency to be productive if the
1837 3735 1987 3804 effect
1815 3764 1991 3838 same
