2731 4096
1310 65 1589 208 2 Employed
194 265 782 344 [No...] the
246 325 1780 450 [2] Should the extent of proposed currency come up to expectation
233 439 1846 564 in particular should it descend to the level of the Silver currency the
226 539 1867 661 number of places for the figures expressive of the No. or name of each
226 672 1794 778 Note will come to be very considerable and the space left for their
237 760 1865 915 reception will require to be proportionably increased. This may require
225 888 1948 1040 some variations in the mechanical arrangement of the matter of the
225 1033 1834 1147 Notes but in other respects instead of being an inconvenience will be
228 1155 1835 1279 rather an advantage by affording a means of detection as against that
225 1274 1847 1413 species of Forgery which consists in the employing a genuine smaller
225 1420 1895 1547 Note for the purpose of giving it such an appearance as shall enable
200 1520 1926 1685 it to pass for a larger Note - See Ch. Securities against Forgery.
