2731 4096
218 288 1876 418 [II] [M . . . . Auditor . . .] For the purpose of authentication, were
195 418 1828 548 it only for appearance sake, the name of this Officer should be in
227 554 1823 672 the form of an autograph: but this autograph need not be written
544 641 618 688 a
213 651 1890 777 with a pen: a fac similie, engraved from the hand writing, is as much
504 724 1128 795 in such a case To
230 760 1840 889 as could be afforded keep on signing Notes in a number adequate
224 874 1899 1005 to what might easily come to be the amount of the demand, would be
223 992 1875 1104 too much for any one hand; perhaps for even a considerable number
1520 1037 1711 1134 of State
215 1077 1830 1191 of hands; much more for the hand of this great Officer whose time
1815 1134 2062 1200 operations
239 1148 2043 1252 could so ill be spared for mechanical and subaltern occupation
222 1215 1898 1308 is much too valuable to be consumed upon a sort of operation
424 1271 1078 1355 <gap/> even mechanism without
208 1311 1872 1428 for which the lowest degree of human reason might be made since
191 1431 980 1530 it has been made sufficient_
432 1470 1899 1604 Instances, it is true, in such <gap/> transactions are
1004 1564 1539 1642 much still
223 1574 1784 1727 not wanting in which a still higher character (the regal) is
1091 1658 1530 1735 a similar way
228 1701 1888 1849 occupied and that habitually in the business of signature . I speak
229 1807 1795 1958 of Treasury Warrants: but the Sum in these instances is never
654 1865 1900 1967 nor is the issue of it a matter of course
214 1915 1890 2038 otherwise than considerable: Nor are they numerous enough to make
210 2014 1645 2187 any very material encroachment on the Royal Time._
451 2128 1814 2243 As to the insertion of the word one it may appear
217 2215 447 2308 [<gap/>].[
220 2222 1870 2358 whimsical but it seems to be more impressive and to carry with
233 2350 1888 2505 it a more conspicuous mark of authenticity than the still which
223 2475 1831 2600 is most customary in this respect according to which the supposed
228 2587 1810 2715 narrator is a person altogether unknown The persons whose
221 2683 1820 2812 names stand as the name of subscribing witnesses not speaking
223 2828 1859 2939 of themselves but being spoken of, as it were, by this stranger._
202 2931 968 3047 [X2] [Auditor of the Exchequer]
