2731 4096
312 379 1930 507 with. In the eyes of a British subject resident within the limits of the
310 507 1925 614 British Empire it can never be capable of losing whatever superiority it
1831 567 1970 622 those
311 610 1977 728 may have obtained in comparison of hard cash. If then within that
315 684 1947 774 limits those limits
314 725 1920 834 empire and for the purpose of being thus expended within that Empire
908 838 1040 887 should
290 854 1958 956 a demand for hard cash can be able to take place in contradistinction
315 960 1942 1049 and preference to this supposed-established paper in would be inasmuch as
287 1070 1931 1168 hard cash is without exchange convertible into bullion, and paper not. But
297 1176 1958 1298 in the eyes of the man who has bullion to sell the superiority of this Paper
316 1301 1806 1398 to hard Cash will not be less decided than in those of any other man.
425 1402 1911 1490 There remains therefore but one conceivable case in which this Paper
317 1521 1897 1613 would be capable of losing its value in comparison of cash and that is
318 1622 1926 1753 this _ A demand for bullion with in some Foreign Country and that so
319 1742 1971 1860 vast an one as to have exhausted the whole Stock of Bullion exportable from
320 1854 1930 1947 this Country (not to speak of other Countries) and to have this come to attach
315 1956 1965 2071 itself upon cash _ That an extraordinary demand for the precious metals
320 2082 1872 2198 in comparison of goods of all sorts should ever exist to any such amount
326 2201 1953 2323 does not appear in any degree probable: the supposition does not to any
314 2308 1988 2444 such extent appear to have ever yet been realized. Since the commencement
323 2450 1910 2568 of the present war the demand for the precious metals for foreign use
328 2571 1895 2692 has by a variety of concurring causes been raised to a pitch to which
302 2685 1899 2817 it has never been known to rise before nor seems very likely ever to rise
324 2802 1949 2923 again: and yet in the opinion of the most competent Judges and possessing
325 2903 1975 3018 the best means of information* whatever scarcity in this way has been experienced
324 3033 1982 3142 is to be ascribed not to the copiousness of the foreign demands but to
325 3122 1932 3208 vices inherent in the constitution
1640 3212 1980 3284 constitution
1110 3540 1285 3607 Note
335 3598 1925 3739 *See MrSecretary Roses Pamphlet of 1799 and the evidence given in
311 3711 2032 3833 to the Committees of Lords and Commons in the Reports relative to the affairs of
314 3832 1350 3950 the Bank in February and March 1797 _
