2731 4096
255 65 1361 238 5 Sept. 1800 +
1011 358 1572 484 and thus afford
341 410 1951 565 Pay the additional half afforded by compound
941 500 1312 601 thus afforded
232 521 1854 708 interest, the incentive to frugality free of the
944 647 1555 751 ^ affording incentives
265 694 1980 827 mistaken consideration as the numbered to frugality,
1547 782 1881 862 exhibiting
257 817 1907 977 and the powers of it considered as quitting the
254 962 1924 1132 subject matter of the exercise of that virtue
244 1100 1167 1268 will of course receive
405 1384 1873 1510 The loss, if there be any, to which this species
540 1470 912 1534 would be thus
252 1522 1933 1647 of trader is exposed by the proposed measure, is at
254 1659 1957 1777 any rate among the slightest and least to be regretted
252 1774 1902 1910 of any to which man is exposed by the vicissitudes
253 1902 1861 2018 of trade. It is a mere cessation of gain, or rather of
240 2023 1897 2133 gain in this particular shape. A Banker's capital
254 2148 1829 2269 is all in Money: it is not with a Banker as
260 2245 1888 2395 with a Manufacturer: no loss by removal of Stock,
265 2345 1428 2455 by and thereby
266 2374 1961 2525 or ^ forced sale, in the lump, to a disadvantage, to avoid
264 2511 1942 2640 the other greater loss. A Banker steps into his trade
264 2630 1904 2750 without trouble, and goes out of it without loss_
1771 2793 2089 2869 In November
