<?xml version='1.0' encoding='utf-8'?>
<PcGts xmlns="http://schema.primaresearch.org/PAGE/gts/pagecontent/2013-07-15" xmlns:xsi="http://www.w3.org/2001/XMLSchema-instance" xsi:schemaLocation="http://schema.primaresearch.org/PAGE/gts/pagecontent/2013-07-15 http://schema.primaresearch.org/PAGE/gts/pagecontent/2013-07-15/pagecontent.xsd">
  <Metadata>
    <Creator>UPV-PRHLT</Creator>
    <Created>2013-03-08T05:03:58</Created>
    <LastChange>2015-12-14T11:11:37</LastChange>
  </Metadata>
  <Page imageFilename="027_030_003.jpg" imageHeight="4096" imageWidth="2731">
    <TextRegion id="t1">
      <Coords points="828,284 2170,278 2205,328 2205,365 1561,388 207,402 238,275" />
      <TextLine id="316">
        <Coords points="2022,288 2023,289 2024,289 2039,304 2186,304 2186,306 2187,307 2187,310 2188,311 2188,318 2203,333 2203,362 2204,363 2204,365 1753,365 1747,371 1746,371 1745,372 1743,372 1742,373 1683,373 1672,384 1388,384 1384,388 1271,388 1244,361 210,390 245,278 1732,295 1733,294 1735,294 1736,293 1741,293 1742,292 1750,292 1751,291 2014,291 2016,289 2021,289" />
        <TextEquiv>
          <Unicode>Happ: ss and Unhapp.ss their Dimensions. Value of a Pain or Pleasure</Unicode>
        </TextEquiv>
      </TextLine>
    </TextRegion>
    <TextRegion id="t2">
      <Coords points="840,415 1724,405 2300,458 2404,461 2440,437 2598,464 2612,1292 2018,1452 812,1458 804,418 852,414" />
      <TextLine id="317">
        <Coords points="1577,431 1592,401 1695,405 1695,465 1645,478 1575,474 1561,451" />
        <TextEquiv>
          <Unicode>22.</Unicode>
        </TextEquiv>
      </TextLine>
      <TextLine id="318">
        <Coords points="2437,450 2438,451 2441,451 2468,478 2562,478 2567,483 2576,483 2578,485 2578,487 2575,490 2575,491 2574,491 2573,492 2571,492 2570,493 2569,493 2568,494 2567,494 2566,495 2564,495 2563,496 2562,496 2561,497 2558,497 2557,498 2541,498 2540,499 2538,499 2537,500 2497,500 2496,501 2441,501 2439,503 2407,503 2406,504 2389,504 2388,505 2363,505 2336,532 2335,532 2332,535 2331,535 2330,536 1423,536 1413,546 1412,546 1410,548 1409,548 1408,549 1263,549 1250,562 1249,562 1247,564 1246,564 1245,565 1244,565 1243,566 1238,566 1207,535 1004,535 1003,534 1002,534 986,518 847,518 845,516 845,515 846,514 846,513 847,512 847,506 848,506 849,505 851,505 854,502 855,502 857,500 858,500 861,497 864,497 865,496 872,496 902,466 903,466 904,465 1257,465 1262,460 1264,460 1265,459 1568,455 1581,474 1717,477 1934,438" />
        <TextEquiv>
          <Unicode>in our power: they are often in our power, because the causes of them are</Unicode>
        </TextEquiv>
      </TextLine>
      <TextLine id="319">
        <Coords points="2256,578 2260,578 2261,579 2263,579 2266,582 2350,582 2351,583 2354,583 2383,612 2407,612 2410,615 2510,615 2511,616 2530,616 2531,617 2543,617 2544,618 2546,618 2547,619 2548,619 2548,620 2557,629 2555,631 2554,631 2553,632 2552,632 2551,633 2549,633 2548,634 2546,634 2545,635 2542,635 2541,636 2405,636 2404,637 2287,637 2270,654 2168,654 2157,665 2156,665 2155,666 2154,666 2153,667 846,667 835,678 833,678 831,680 830,680 829,681 828,681 827,682 827,669 829,667 829,638 830,637 830,636 831,635 831,634 832,633 832,632 833,632 839,626 840,626 842,624 845,624 846,623 853,623 854,622 855,622 856,621 862,621 880,603 881,603 882,602 1359,602 1360,601 1361,601 1362,600 1364,600 1365,599 1366,599 1367,598 1372,598 1373,597 1380,597 1381,596 1388,596 1390,594 1393,594 1394,593 1404,593 1407,590 1408,590 1410,588 1411,588 1412,587 1413,587 1415,585 1417,585 1418,584 1816,584 1817,583 2249,583 2251,581 2253,581" />
        <TextEquiv>
          <Unicode>often in our power. The same action that is the cause of the pleasure we</Unicode>
        </TextEquiv>
      </TextLine>
      <TextLine id="320">
        <Coords points="1587,702 1620,677 1685,677 1658,727 1620,725" />
        <TextEquiv>
          <Unicode>the</Unicode>
        </TextEquiv>
      </TextLine>
      <TextLine id="321">
        <Coords points="2210,692 2211,693 2214,693 2217,696 2312,696 2313,697 2315,697 2323,705 2545,705 2570,730 2573,730 2574,731 2576,731 2577,732 2577,736 2576,737 2576,748 2573,751 2573,753 2571,755 2571,756 2568,759 2568,760 2566,762 2566,764 2564,766 2564,767 2561,770 2561,771 2560,771 2546,785 2545,785 2539,791 2538,791 2537,792 2535,792 2534,793 1596,793 1589,800 1187,800 1186,801 1070,801 1060,811 1059,811 1058,812 1057,812 1056,813 1053,813 1052,812 1051,812 1050,811 1004,811 1003,810 1002,810 964,772 831,772 830,771 830,768 831,767 831,763 834,760 835,760 841,754 857,754 859,752 862,752 863,751 925,751 944,732 945,732 946,731 1051,731 1059,723 1061,723 1062,722 1236,722 1237,721 1354,721 1359,716 1360,716 1361,715 1362,715 1363,714 1366,714 1367,713 1591,713 1620,720" />
        <TextEquiv>
          <Unicode>would enjoy, is often the cause of ^ pain we would avoid. The pleasure coming</Unicode>
        </TextEquiv>
      </TextLine>
      <TextLine id="322">
        <Coords points="1921,822 1928,822 1930,824 2082,824 2084,826 2351,826 2377,852 2584,852 2590,858 2598,858 2598,869 2596,869 2595,870 2549,870 2548,871 2547,871 2546,872 2518,872 2517,873 2491,873 2469,895 2089,895 2078,906 1774,906 1773,907 1771,907 1769,909 1768,909 1767,910 1765,910 1764,911 1760,911 1759,912 1758,912 1757,913 1750,913 1749,914 1746,914 1745,915 1709,915 1693,931 1692,931 1691,932 930,932 911,951 909,951 906,954 902,954 876,928 844,928 843,927 834,927 834,906 829,901 829,896 837,888 837,887 838,886 839,886 842,883 843,883 844,882 847,882 848,881 859,881 896,844 900,844 901,843 1150,843 1152,841 1153,841 1154,840 1846,840 1847,839 1903,839 1917,825 1918,825" />
        <TextEquiv>
          <Unicode>along with the cause, and the pain after it, hence the pain is the consequence</Unicode>
        </TextEquiv>
      </TextLine>
      <TextLine id="323">
        <Coords points="2348,940 2357,940 2362,945 2556,945 2557,946 2557,978 2551,984 2550,984 2548,986 2548,991 2546,991 2545,992 2526,992 2525,993 2524,993 2523,994 2493,994 2491,996 2490,996 2489,997 2488,997 2487,998 2482,998 2481,999 2459,999 2458,1000 2424,1000 2422,1002 2394,1002 2393,1003 2375,1003 2373,1005 2301,1005 2300,1006 2075,1022 1914,1017 831,1067 831,1059 832,1058 832,1057 833,1056 833,1019 834,1018 834,1016 841,1009 842,1009 845,1006 850,1006 851,1005 862,1005 888,979 889,979 890,978 935,978 948,965 949,965 950,964 951,964 952,963 955,963 956,962 1811,962 1812,961 1817,961 1818,960 1922,960 1936,946 1937,946 1938,945 1939,945 1942,942 2103,942 2104,941 2347,941" />
        <TextEquiv>
          <Unicode>of the pleasure. It concerns us to know when this is the case. The cause be­</Unicode>
        </TextEquiv>
      </TextLine>
      <TextLine id="324">
        <Coords points="1890,1020 1861,1061 1880,1072 1932,1074 1997,1071 2071,1057 2037,1022 1958,1018" />
        <TextEquiv>
          <Unicode>it.[+]</Unicode>
        </TextEquiv>
      </TextLine>
      <TextLine id="325">
        <Coords points="2585,1057 2593,1057 2594,1058 2595,1058 2597,1060 2597,1065 2596,1066 2596,1068 2594,1070 2594,1071 2593,1072 2593,1074 2592,1075 2592,1076 2591,1077 2591,1078 2588,1081 2588,1082 2582,1088 2582,1110 2581,1111 2581,1112 2579,1114 2579,1115 2569,1115 2568,1116 2568,1127 2549,1127 2548,1128 2542,1128 2541,1129 2534,1129 2533,1130 2508,1130 2507,1131 2369,1131 2368,1132 2359,1132 2321,1170 2320,1170 2318,1172 1366,1202 1365,1203 855,1203 852,1206 851,1206 846,1211 840,1211 840,1158 832,1150 832,1145 833,1144 833,1143 867,1109 867,1101 868,1100 870,1100 871,1099 1470,1099 1483,1086 1484,1086 1485,1085 1935,1071 2414,1051 2580,1061 2581,1060 2582,1060" />
        <TextEquiv>
          <Unicode>ing in our power, we may forbear producing the pleasure It is right &lt;gap/&gt;</Unicode>
        </TextEquiv>
      </TextLine>
      <TextLine id="326">
        <Coords points="2025,1200 2026,1200 2027,1201 2579,1201 2584,1206 2588,1206 2590,1208 2589,1209 2589,1210 2585,1214 2585,1231 2584,1231 2583,1232 2582,1232 2580,1234 2574,1234 2573,1235 2573,1247 2572,1248 2572,1251 2571,1252 2571,1259 2537,1259 2536,1260 2504,1291 2187,1277 819,1308 816,1305 816,1299 817,1298 817,1296 819,1294 819,1293 822,1290 822,1272 823,1272 840,1255 842,1255 843,1254 845,1254 868,1231 870,1231 873,1228 1038,1228 1042,1224 1315,1224 1327,1212 1328,1212 1331,1209 1332,1209 1333,1208 1433,1208 1435,1206 1437,1206 1438,1205 1857,1201 2024,1201" />
        <TextEquiv>
          <Unicode>forbear to produce the pleasure, when the pain that is the consequence of it</Unicode>
        </TextEquiv>
      </TextLine>
      <TextLine id="327">
        <Coords points="830,1347 900,1321 905,1321 1090,1315 1104,1315 1924,1311 1928,1311 2185,1284 2188,1284 2238,1288 2238,1382 2232,1391 2097,1435 2080,1435 1654,1420 1600,1420 1588,1422 1580,1424 1475,1445 1471,1445 1241,1462 1238,1462 1134,1474 1122,1474 918,1441 915,1441 862,1452 851,1454 810,1432 795,1400" />
        <TextEquiv>
          <Unicode>is (I will not say greater) but predominant in value [b].</Unicode>
        </TextEquiv>
      </TextLine>
    </TextRegion>
    <TextRegion id="t3">
      <Coords points="820,1511 1732,1514 2547,1585 2620,1790 2615,2268 2615,2721 1737,2722 1558,2757 812,2757 827,1871 860,1815 827,1764 822,1507" />
      <TextLine id="328">
        <Coords points="1627,1523 1631,1523 1632,1524 1637,1524 1640,1527 1667,1527 1675,1535 1678,1535 1679,1536 1680,1536 1682,1538 1685,1538 1688,1541 1688,1545 1702,1559 1703,1559 1703,1565 1702,1566 1701,1566 1700,1567 1618,1567 1617,1568 1595,1568 1592,1571 1549,1571 1548,1572 910,1572 909,1573 909,1574 908,1575 908,1576 906,1578 906,1579 902,1583 902,1584 898,1588 897,1588 896,1589 847,1589 846,1590 839,1590 837,1588 837,1587 845,1579 845,1576 846,1575 846,1570 847,1569 847,1567 848,1566 848,1559 851,1556 851,1554 852,1553 852,1546 853,1545 853,1542 854,1541 854,1534 855,1534 856,1533 905,1533 906,1532 1585,1532 1590,1527 1591,1527 1592,1526 1621,1526 1622,1525 1623,1525 1624,1524 1626,1524" />
        <TextEquiv>
          <Unicode>[b] Note.</Unicode>
        </TextEquiv>
      </TextLine>
      <TextLine id="329">
        <Coords points="2336,1580 2339,1580 2344,1585 2430,1585 2464,1619 2486,1619 2495,1628 2498,1628 2499,1629 2517,1629 2517,1634 2515,1636 2515,1637 2514,1638 2514,1639 2513,1640 2433,1640 2432,1641 2402,1641 2401,1642 2400,1642 2399,1643 1977,1643 1969,1651 1966,1651 1963,1654 1941,1654 1937,1658 1721,1658 1679,1700 1678,1700 1676,1702 1675,1702 1674,1703 1069,1703 1065,1707 1062,1707 1060,1709 1053,1709 1033,1689 1002,1689 973,1660 887,1660 886,1659 880,1659 879,1658 878,1658 877,1657 876,1657 875,1656 875,1655 874,1654 874,1653 873,1652 873,1646 874,1645 874,1644 893,1625 893,1624 894,1623 894,1622 895,1621 895,1620 902,1613 903,1613 905,1611 907,1611 908,1610 909,1610 910,1609 911,1609 912,1608 915,1608 916,1607 923,1607 924,1606 936,1606 940,1602 941,1602 942,1601 944,1601 945,1600 948,1600 953,1595 954,1595 956,1593 957,1593 958,1592 960,1592 961,1591 2194,1591 2197,1588 2322,1588 2324,1586 2325,1586 2329,1582 2330,1582 2331,1581 2335,1581" />
        <TextEquiv>
          <Unicode>The expression "value of a pain" may to some appear rather a harsh one.</Unicode>
        </TextEquiv>
      </TextLine>
      <TextLine id="330">
        <Coords points="1831,1715 1850,1688 1908,1695 1912,1730 1882,1745 1861,1740 1845,1731 1835,1718" />
        <TextEquiv>
          <Unicode>[+]</Unicode>
        </TextEquiv>
      </TextLine>
      <TextLine id="331">
        <Coords points="1921,1738 2018,1712 2304,1719 2305,1720 2305,1721 2306,1722 2306,1723 2307,1724 2460,1724 2474,1738 2506,1738 2534,1766 2536,1766 2538,1768 2605,1768 2605,1777 2604,1777 2602,1779 2601,1779 2600,1780 2599,1780 2598,1781 2597,1781 2595,1783 2593,1783 2592,1784 2591,1784 2590,1785 2589,1785 2588,1786 2585,1786 2584,1787 2582,1787 2581,1788 2563,1788 2562,1789 1981,1789 1946,1824 1945,1824 1944,1825 1943,1825 1942,1826 1810,1826 1797,1839 1796,1839 1795,1840 1794,1840 1793,1841 1787,1841 1756,1810 1715,1810 1699,1794 1121,1794 1119,1792 1119,1787 1118,1786 884,1786 883,1785 860,1785 859,1784 857,1784 855,1782 854,1782 853,1781 853,1780 852,1779 852,1777 851,1776 851,1774 852,1773 852,1771 853,1770 853,1769 868,1754 868,1752 872,1748 873,1748 875,1746 876,1746 877,1745 880,1745 881,1744 883,1744 884,1743 885,1743 886,1742 889,1742 890,1741 891,1741 892,1740 894,1740 895,1739 896,1739 897,1738 899,1738 900,1737 902,1737 903,1736 906,1736 907,1735 909,1735 911,1733 913,1733 914,1732 929,1732 933,1728 934,1728 935,1727 936,1727 937,1726 1110,1726 1112,1724 1113,1724 1114,1723 1282,1723 1284,1721 1291,1721 1293,1719 1844,1730 1871,1748" />
        <TextEquiv>
          <Unicode>The term "value" it is not unusual to apply to objects other than what are</Unicode>
        </TextEquiv>
      </TextLine>
      <TextLine id="332">
        <Coords points="2407,1843 2408,1843 2409,1844 2413,1844 2438,1869 2529,1869 2534,1874 2540,1874 2546,1880 2606,1880 2606,1889 2605,1889 2603,1891 2603,1892 2601,1894 2601,1895 2599,1897 2599,1898 2598,1899 2598,1901 2594,1905 2594,1906 2592,1908 2592,1909 2591,1910 2591,1911 2590,1912 2590,1913 2585,1918 2585,1920 2579,1926 2579,1927 2575,1931 2575,1932 2568,1939 2568,1940 2564,1944 2564,1945 2556,1953 2555,1953 2549,1959 2546,1959 2545,1960 1974,1960 1972,1962 1971,1962 1970,1963 1969,1963 1968,1964 1966,1964 1965,1965 1960,1965 1943,1948 1852,1948 1827,1923 1046,1923 1045,1922 1030,1922 1029,1921 1028,1921 1027,1920 964,1920 963,1919 879,1919 878,1918 844,1918 843,1917 842,1917 842,1913 843,1912 843,1911 848,1906 849,1906 851,1904 852,1904 853,1903 854,1903 855,1902 857,1902 881,1878 882,1878 883,1877 885,1877 886,1876 1023,1876 1027,1872 1028,1872 1030,1870 1031,1870 1032,1869 1034,1869 1035,1868 1163,1868 1164,1867 1166,1867 1167,1866 1169,1866 1170,1865 1171,1865 1172,1864 1174,1864 1175,1863 1177,1863 1178,1862 1180,1862 1181,1861 1468,1861 1469,1860 1470,1860 1473,1857 1477,1857 1479,1855 1798,1855 1799,1854 1801,1854 1802,1853 2029,1853 2030,1852 2185,1852 2187,1850 2188,1850 2189,1849 2191,1849 2193,1847 2194,1847 2195,1846 2401,1846 2402,1845 2403,1845 2404,1844 2406,1844" />
        <TextEquiv>
          <Unicode>desirable. But either this we must have for objects that are the contrary</Unicode>
        </TextEquiv>
      </TextLine>
      <TextLine id="333">
        <Coords points="1004,1971 1052,1938 1168,1944 1158,1984 1111,1994 1110,1994 1067,1995 1014,1988" />
        <TextEquiv>
          <Unicode>at all</Unicode>
        </TextEquiv>
      </TextLine>
      <TextLine id="334">
        <Coords points="2207,1966 2208,1965 2430,1965 2431,1964 2432,1964 2433,1963 2443,1963 2486,2006 2503,2006 2504,2007 2505,2007 2510,2012 2512,2012 2512,2013 2513,2014 2525,2014 2526,2015 2527,2015 2527,2016 2528,2017 2528,2019 2527,2019 2526,2020 2481,2020 2480,2021 2469,2021 2467,2023 2465,2023 2464,2024 2402,2024 2401,2025 2345,2025 2340,2030 2287,2030 2286,2031 2257,2031 2256,2032 2203,2032 2202,2033 2201,2033 2200,2034 2139,2034 2130,2060 1046,2068 1019,2041 843,2041 842,2040 842,2036 843,2035 843,2034 848,2029 848,2028 849,2027 850,2027 852,2025 853,2025 854,2024 855,2024 857,2022 872,2022 880,2014 993,2014 1105,1988 1231,1975" />
        <TextEquiv>
          <Unicode>or none: for there is no other that corresponds to if applicable to them.</Unicode>
        </TextEquiv>
      </TextLine>
      <TextLine id="335">
        <Coords points="2001,2092 2057,2067 2108,2062 2152,2072 2180,2097 2180,2117 2130,2122 2121,2122 2047,2124 2012,2124 1985,2101" />
        <TextEquiv>
          <Unicode>a license</Unicode>
        </TextEquiv>
      </TextLine>
      <TextLine id="336">
        <Coords points="2180,2105 2350,2105 2355,2110 2521,2090 2555,2110 2574,2129 2576,2129 2583,2136 2593,2136 2596,2139 2596,2140 2595,2141 2595,2142 2594,2143 2593,2143 2592,2144 2590,2144 2589,2145 2589,2153 2586,2156 2585,2156 2584,2157 2560,2157 2558,2159 2558,2160 2557,2161 2557,2162 2555,2164 2555,2165 2554,2166 2554,2167 2551,2170 2551,2171 2549,2173 2549,2174 2548,2174 2547,2175 2547,2177 2543,2181 2543,2182 2540,2185 2540,2186 2536,2190 2536,2191 2535,2192 2535,2193 2533,2195 2533,2196 2532,2196 2531,2197 2531,2198 2528,2201 2528,2202 2527,2203 2526,2203 2525,2204 2524,2204 2517,2211 2516,2211 2515,2212 2321,2212 2313,2220 2311,2220 2310,2221 2307,2221 2301,2215 1944,2214 1525,2181 1315,2215 1301,2229 1300,2229 1299,2230 1298,2230 1297,2231 1295,2231 1275,2211 1146,2211 1106,2171 853,2171 852,2170 849,2170 848,2169 846,2169 843,2166 843,2164 842,2163 842,2159 860,2141 860,2139 863,2136 863,2134 865,2132 865,2131 871,2125 874,2125 875,2124 878,2124 879,2123 883,2123 884,2122 893,2122 894,2121 896,2121 897,2120 903,2120 905,2118 906,2118 907,2117 908,2117 909,2116 910,2116 911,2115 925,2115 931,2109 933,2109 934,2108 936,2108 937,2107 1015,2107 1016,2106 1017,2106 1019,2104 1035,2104 1037,2102 1058,2095 1572,2102 1573,2101 1574,2101 1575,2100 1576,2100 1577,2099 1910,2099 1912,2097 1914,2097 1915,2096 1917,2096 1918,2095 2004,2110 2070,2127 2157,2125" />
        <TextEquiv>
          <Unicode>The license of using it in this sense is therefore justified by necessity:</Unicode>
        </TextEquiv>
      </TextLine>
      <TextLine id="337">
        <Coords points="1408,2210 1394,2248 1438,2252 1514,2231 1584,2218 1711,2228 1747,2254 1821,2255 1840,2217 1762,2201 1701,2202 1431,2211" />
        <TextEquiv>
          <Unicode>an one.</Unicode>
        </TextEquiv>
      </TextLine>
      <TextLine id="338">
        <Coords points="2514,2224 2520,2224 2521,2225 2523,2225 2540,2242 2576,2242 2577,2243 2579,2243 2579,2267 2578,2268 2577,2268 2576,2269 2573,2269 2572,2270 2568,2270 2565,2273 2564,2273 2559,2278 2559,2279 2557,2281 2530,2281 2529,2282 2507,2282 2506,2283 2491,2283 2490,2284 2474,2284 2471,2287 2456,2287 2455,2288 2401,2288 2400,2289 2396,2289 2395,2290 2270,2290 2254,2306 2253,2306 2252,2307 1750,2342 1614,2328 1199,2336 1178,2357 1177,2357 1172,2362 1171,2362 1169,2364 1051,2364 1050,2363 1049,2363 994,2308 929,2308 924,2303 855,2303 854,2302 841,2302 841,2299 842,2298 842,2290 845,2287 846,2287 849,2284 851,2284 852,2283 855,2283 856,2282 901,2282 902,2281 998,2220 1014,2221 1025,2222 1045,2221 1082,2257 1087,2252 1088,2252 1093,2247 1094,2247 1097,2244 1098,2244 1099,2243 1101,2243 1102,2242 1106,2242 1110,2246 1614,2261 1694,2246 1697,2243 1698,2243 1704,2237 1706,2237 1708,2235 1714,2235 1720,2241 1939,2241 1941,2239 1942,2239 1943,2238 2373,2238 2375,2236 2376,2236 2377,2235 2501,2235 2504,2232 2505,2232 2507,2230 2508,2230" />
        <TextEquiv>
          <Unicode>nor is it by any means unexampled Mathematicians speak without</Unicode>
        </TextEquiv>
      </TextLine>
      <TextLine id="339">
        <Coords points="1534,2351 1585,2337 1604,2361 1600,2390 1578,2394 1562,2394 1545,2384 1535,2365" />
        <TextEquiv>
          <Unicode>x</Unicode>
        </TextEquiv>
      </TextLine>
      <TextLine id="340">
        <Coords points="1891,2370 1897,2376 2289,2376 2293,2380 2532,2380 2533,2381 2534,2381 2535,2382 2535,2392 2544,2401 2544,2402 2545,2403 2545,2414 2544,2415 2544,2416 2542,2418 2541,2418 2538,2421 2536,2421 2535,2422 2530,2422 2529,2423 2504,2423 2501,2426 2500,2426 2499,2427 2265,2427 2231,2461 2230,2461 2229,2462 2228,2462 2227,2463 2077,2463 2076,2464 2076,2465 2074,2467 2074,2468 2073,2469 2073,2470 2068,2475 2067,2475 2063,2479 2060,2479 2059,2480 2057,2480 2052,2475 1360,2475 1359,2474 1045,2474 1028,2457 933,2457 913,2437 876,2437 874,2435 853,2435 848,2430 847,2430 845,2428 846,2427 847,2427 851,2423 852,2423 853,2422 862,2422 863,2421 864,2421 868,2417 869,2417 870,2416 871,2416 872,2415 961,2415 971,2405 972,2405 974,2403 995,2403 1009,2389 1010,2389 1011,2388 1148,2388 1149,2387 1150,2387 1154,2383 1155,2383 1157,2381 1158,2381 1159,2380 1276,2380 1277,2379 1278,2379 1280,2377 1281,2377 1282,2376 1284,2376 1285,2375 1527,2377 1564,2392" />
        <TextEquiv>
          <Unicode>scruple of the values of their y and y: tho' x and y are often made to</Unicode>
        </TextEquiv>
      </TextLine>
      <TextLine id="341">
        <Coords points="2472,2508 2476,2508 2477,2509 2477,2542 2491,2556 2491,2557 2492,2558 2492,2561 2490,2563 2489,2563 2488,2564 2487,2564 2486,2565 2204,2565 2142,2570 2100,2561 1922,2567 1861,2638 1847,2640 1872,2572 1718,2580 1547,2568 1497,2625 1474,2624 1504,2577 1477,2578 1233,2598 1225,2606 1224,2606 1221,2609 1219,2609 1218,2610 1216,2610 1215,2609 1214,2609 1207,2602 1002,2585 977,2624 938,2614 951,2580 922,2577 875,2612 871,2616 870,2616 869,2617 868,2617 867,2618 866,2618 864,2616 864,2583 846,2565 846,2560 847,2559 847,2558 907,2498 1255,2518 1259,2514 1260,2514 1261,2513 1823,2513 1826,2510 1828,2510 1829,2509 2471,2509" />
        <TextEquiv>
          <Unicode>signify debts; objects as anyone can witness not at all desirable.</Unicode>
        </TextEquiv>
      </TextLine>
      <TextLine id="342">
        <Coords points="1955,2567 1942,2594 1948,2605 1997,2610 2002,2610 2117,2605 2191,2602 2197,2581 2185,2567 2145,2570 2107,2561 2065,2564 1994,2571" />
        <TextEquiv>
          <Unicode>be made to</Unicode>
        </TextEquiv>
      </TextLine>
      <TextLine id="343">
        <Coords points="874,2608 845,2668 874,2672 912,2651 984,2661 1000,2682 1048,2668 1167,2662 1257,2657 1312,2662 1404,2662 1511,2671 1701,2657 1770,2654 1794,2658 1817,2685 1860,2684 1887,2660 1932,2645 1998,2654 2001,2655 2164,2661 2320,2644 2518,2640 2532,2591 2392,2597 2345,2594 2344,2594 2280,2587 2244,2585 2242,2585 2197,2600 2194,2601 2132,2610 2131,2610 2077,2611 1955,2611 1937,2591 1908,2597 1892,2597 1861,2641 1855,2607 1837,2601 1775,2607 1772,2607 1712,2610 1711,2610 1647,2608 1642,2608 1605,2600 1604,2600 1521,2588 1488,2622 1467,2622 1465,2571 1427,2584 1320,2594 1228,2622 1161,2600 1012,2600 995,2601 971,2627 951,2622 935,2594 901,2590 875,2601" />
        <TextEquiv>
          <Unicode>Perhaps the word importance might answer the same</Unicode>
        </TextEquiv>
      </TextLine>
      <TextLine id="344">
        <Coords points="902,2672 860,2677 845,2737 901,2742 908,2748 1018,2760 1022,2762 1157,2737 1170,2737 1310,2734 1322,2734 1492,2731 1495,2731 1607,2742 1612,2745 1765,2740 1771,2740 1864,2714 1842,2680 1758,2671 1757,2671 1564,2681 1425,2682 1380,2662 1312,2664 1310,2664 1220,2668 1217,2668 1135,2672 1130,2672 1022,2674 1001,2687 965,2662 917,2668" />
        <TextEquiv>
          <Unicode>purpose; at least in many cases.</Unicode>
        </TextEquiv>
      </TextLine>
    </TextRegion>
    <TextRegion id="t4">
      <Coords points="1477,2778 2367,2770 2574,2778 2602,3181 2602,3681 2408,3705 2120,3712 1374,3714 1245,3741 1214,3717 831,3722 835,3124 832,2790" />
      <TextLine id="345">
        <Coords points="867,2791 832,2802 840,2855 894,2864 1001,2884 1005,2884 1108,2882 1255,2880 1258,2880 1355,2870 1365,2870 1504,2858 1517,2858 1664,2861 1672,2862 1807,2864 1814,2862 1912,2862 2042,2851 2171,2868 2324,2860 2411,2844 2422,2844 2505,2840 2515,2782 2420,2784 2407,2785 2400,2785 2264,2791 2254,2792 2250,2792 2210,2767 2101,2772 2090,2774 2080,2774 1870,2785 1854,2785 1715,2784 1710,2782 1621,2774 1605,2774 1468,2765 1440,2765 1304,2767 1291,2770 1285,2770 1132,2782 1122,2784 1114,2787 947,2788 912,2788" />
        <TextEquiv>
          <Unicode>[+] By forbearing to produce it, we may avoid producing the</Unicode>
        </TextEquiv>
      </TextLine>
      <TextLine id="346">
        <Coords points="2529,2888 2545,2904 2545,2910 2544,2911 2544,2913 2543,2914 2543,2915 2541,2917 2541,2922 2539,2924 2538,2924 2537,2925 2536,2925 2535,2926 2278,2926 2277,2927 2232,2927 2231,2928 2230,2928 2229,2929 2228,2929 2227,2930 2225,2930 2224,2931 2189,2931 2188,2932 2056,2932 2053,2935 2052,2935 2051,2936 1894,2936 1893,2937 1878,2937 1877,2938 1876,2938 1875,2939 1826,2939 1809,2956 1807,2956 1806,2957 1805,2957 1802,2960 1801,2960 1800,2961 1558,2969 1557,2969 1555,2971 1554,2971 1553,2972 1550,2972 1549,2973 1548,2973 1547,2974 1542,2974 1541,2975 982,2975 977,2980 976,2980 975,2981 973,2981 949,2957 878,2957 877,2956 876,2956 875,2955 875,2951 876,2950 876,2948 880,2944 880,2943 882,2941 883,2941 884,2940 885,2940 886,2939 888,2939 890,2937 996,2937 997,2936 1265,2891 1440,2877 2327,2888 2328,2887 2520,2887 2521,2886 2522,2886" />
        <TextEquiv>
          <Unicode>consequence. By forbearing to perform the action that in this</Unicode>
        </TextEquiv>
      </TextLine>
      <TextLine id="347">
        <Coords points="2240,3001 2242,3001 2259,3018 2497,3018 2498,3019 2503,3019 2504,3020 2506,3020 2577,3047 2605,3047 2606,3048 2607,3048 2608,3049 2608,3051 2607,3052 2607,3054 2606,3055 2606,3056 2603,3059 2603,3060 2602,3061 2602,3065 2601,3066 2599,3066 2597,3068 2597,3069 2596,3070 2596,3071 2595,3072 2595,3074 2594,3075 2395,3076 2393,3078 2392,3078 2391,3079 2390,3079 2388,3081 2386,3081 2384,3083 2168,3083 2161,3090 1248,3090 1223,3115 1220,3115 1209,3104 850,3104 850,3100 860,3090 860,3089 862,3087 862,3086 863,3085 863,3084 865,3082 865,3081 867,3079 867,3078 868,3077 868,3076 870,3074 870,3072 871,3071 871,3069 872,3068 872,3067 874,3065 874,3064 883,3055 883,3054 884,3054 889,3049 890,3049 891,3048 929,3048 930,3047 931,3047 935,3043 936,3043 937,3042 939,3042 940,3041 942,3041 943,3040 1314,3040 1316,3038 1317,3038 1318,3037 1319,3037 1320,3036 1322,3036 1323,3035 1748,3035 1754,3029 2038,3029 2042,3025 2214,3025 2234,3005 2235,3005 2238,3002 2239,3002" />
        <TextEquiv>
          <Unicode>produces the pleasure, we shall it is true forbear produ­</Unicode>
        </TextEquiv>
      </TextLine>
      <TextLine id="348">
        <Coords points="1718,3131 1745,3078 2027,3088 2028,3132 1862,3138 1744,3135 1741,3135" />
        <TextEquiv>
          <Unicode>likewise</Unicode>
        </TextEquiv>
      </TextLine>
      <TextLine id="349">
        <Coords points="2029,3137 2031,3139 2201,3139 2204,3142 2447,3142 2450,3145 2457,3145 2458,3146 2465,3146 2466,3147 2474,3147 2491,3164 2494,3164 2495,3165 2513,3165 2513,3166 2511,3168 2511,3169 2510,3170 2507,3170 2502,3175 2501,3175 2500,3176 2371,3176 2370,3177 2370,3180 2369,3181 2366,3181 2365,3182 1467,3182 1466,3183 1464,3183 1463,3184 1387,3184 1386,3185 1374,3185 1373,3186 1353,3186 1352,3187 1350,3187 1349,3188 1314,3188 1313,3189 1313,3190 1309,3194 1309,3195 1308,3196 1307,3196 1306,3197 1305,3197 1303,3199 1083,3199 1077,3205 923,3205 922,3206 922,3207 921,3208 921,3209 919,3211 919,3212 918,3213 917,3213 914,3216 913,3216 908,3221 907,3221 906,3222 904,3222 902,3224 897,3224 896,3225 890,3225 889,3224 886,3224 885,3223 884,3223 882,3221 882,3220 793,3183 793,3176 796,3173 796,3172 797,3171 797,3170 798,3170 799,3169 800,3169 802,3167 803,3167 804,3166 806,3166 807,3165 808,3165 881,3152 882,3152 883,3151 884,3151 885,3150 1010,3150 1012,3148 1013,3148 1014,3147 1027,3147 1028,3146 1153,3146 1155,3144 1156,3144 1158,3142 1623,3142 1627,3138 1628,3138 1629,3137 1630,3137 1631,3136 1632,3136 1633,3135" />
        <TextEquiv>
          <Unicode>­cing the pleasure, but we shall &lt;gap/&gt; avoid at the same time</Unicode>
        </TextEquiv>
      </TextLine>
      <TextLine id="350">
        <Coords points="1730,3235 1731,3235 1732,3236 1735,3236 1742,3243 1996,3243 1999,3246 2426,3246 2427,3247 2495,3247 2496,3248 2497,3248 2531,3282 2563,3282 2564,3283 2570,3283 2571,3284 2571,3286 2550,3286 2549,3287 2547,3287 2546,3288 2544,3288 2543,3289 2542,3289 2541,3290 2540,3290 2536,3294 2403,3294 2402,3295 2377,3295 2374,3298 2373,3298 2372,3299 2371,3299 2366,3304 2365,3304 2364,3305 2363,3305 2357,3311 2356,3311 2348,3319 2347,3319 2346,3320 2344,3320 2343,3321 1432,3321 1427,3326 1234,3326 1232,3328 1229,3328 1228,3329 1227,3329 1226,3330 1219,3330 1214,3325 1022,3325 1008,3311 874,3311 873,3310 872,3310 871,3309 861,3309 861,3303 869,3295 870,3295 872,3293 873,3293 874,3292 876,3292 877,3291 948,3291 971,3268 1069,3268 1070,3267 1105,3267 1113,3259 1114,3259 1116,3257 1120,3257 1121,3256 1708,3256 1728,3236 1729,3236" />
        <TextEquiv>
          <Unicode>avoid producing the pain. It is our business to &lt;gap/&gt; forbear</Unicode>
        </TextEquiv>
      </TextLine>
      <TextLine id="351">
        <Coords points="2375,3372 2384,3372 2385,3373 2393,3373 2394,3374 2396,3374 2397,3375 2401,3375 2403,3377 2404,3377 2405,3378 2406,3378 2408,3380 2409,3380 2411,3382 2412,3382 2422,3392 2590,3392 2591,3393 2591,3395 2597,3401 2593,3401 2591,3403 2591,3421 2590,3421 2589,3422 2588,3422 2587,3423 2586,3423 2585,3424 2552,3424 2551,3425 2550,3425 2549,3426 2548,3426 2547,3427 2502,3427 2501,3428 1154,3464 1068,3480 854,3465 853,3464 853,3461 856,3458 856,3457 858,3455 858,3454 864,3448 864,3446 867,3443 867,3441 872,3436 872,3427 883,3416 883,3415 885,3413 885,3412 887,3410 887,3409 889,3407 889,3406 895,3400 939,3400 942,3397 943,3397 946,3394 947,3394 948,3393 949,3393 950,3392 951,3392 952,3391 954,3391 955,3390 956,3390 957,3389 961,3389 962,3388 963,3388 964,3387 966,3387 967,3386 1648,3386 1650,3384 1897,3384 1898,3383 1899,3383 1900,3382 2086,3382 2088,3380 2089,3380 2090,3379 2105,3379 2107,3377 2109,3377 2111,3375 2364,3375 2365,3374 2366,3374 2367,3373 2374,3373" />
        <TextEquiv>
          <Unicode>producing the pleasure, when the pain thus connected with</Unicode>
        </TextEquiv>
      </TextLine>
      <TextLine id="352">
        <Coords points="2065,3481 2105,3450 2188,3448 2221,3484 2211,3501 2125,3505 2124,3505 2075,3507 2068,3494" />
        <TextEquiv>
          <Unicode>since</Unicode>
        </TextEquiv>
      </TextLine>
      <TextLine id="353">
        <Coords points="2391,3491 2392,3492 2393,3492 2394,3493 2398,3493 2400,3495 2477,3495 2478,3496 2478,3499 2479,3500 2560,3500 2561,3501 2561,3514 2567,3520 2566,3521 2556,3521 2555,3522 2555,3530 2550,3535 2546,3535 2545,3536 2538,3536 2537,3537 2535,3537 2534,3538 2527,3538 2526,3539 2459,3539 1578,3581 1520,3554 1085,3568 1011,3624 851,3578 844,3497 976,3513 977,3513 978,3512 1108,3485 1458,3512 1461,3509 1800,3509 1804,3505 1806,3505 1807,3504 1811,3504 1813,3502" />
        <TextEquiv>
          <Unicode>it, is (we are not to say simply greater; that would be to</Unicode>
        </TextEquiv>
      </TextLine>
      <TextLine id="354">
        <Coords points="875,3592 860,3655 915,3668 977,3638 1131,3648 1298,3631 1401,3627 1610,3630 1727,3641 1892,3642 1957,3625 2050,3618 2082,3642 2157,3621 2221,3627 2262,3662 2360,3632 2558,3631 2560,3631 2565,3580 2378,3550 2271,3547 2150,3561 2058,3560 1918,3571 1810,3571 1610,3580 1551,3562 1418,3572 1254,3565 1251,3565 1105,3560 1101,3561 1065,3575 1014,3628 994,3617 922,3587" />
        <TextEquiv>
          <Unicode>take into consideration two only out of the ^ five ingredients</Unicode>
        </TextEquiv>
      </TextLine>
      <TextLine id="355">
        <Coords points="872,3671 845,3721 934,3737 937,3737 1175,3724 1320,3745 1321,3747 1451,3732 1652,3714 1657,3714 1931,3704 2152,3698 2215,3708 2224,3711 2482,3705 2507,3662 2447,3634 2315,3650 2264,3657 2215,3644 2194,3620 2127,3627 2125,3628 2078,3638 2058,3624 2002,3625 1992,3627 1910,3652 1897,3655 1795,3650 1735,3645 1731,3645 1638,3632 1568,3632 1561,3634 1455,3645 1444,3647 1440,3647 1350,3627 1294,3635 1288,3637 1214,3647 1201,3650 1197,3651 1125,3657 1121,3657 1047,3645 1045,3645 990,3638 964,3641 938,3657 912,3667 908,3668" />
        <TextEquiv>
          <Unicode>in it's value, but) preponderant in value or importance.</Unicode>
        </TextEquiv>
      </TextLine>
    </TextRegion>
    <TextRegion id="t5">
      <Coords points="872,3757 2606,3730 2613,3803 2596,3880 1524,3884 297,3881 271,3741 872,3754" />
      <TextLine id="356">
        <Coords points="517,3761 922,3748 937,3768 941,3792 915,3812 891,3808 872,3792 871,3784 697,3761 530,3811 488,3811" />
        <TextEquiv>
          <Unicode>ss ss</Unicode>
        </TextEquiv>
      </TextLine>
      <TextLine id="357">
        <Coords points="2499,3732 2504,3732 2516,3744 2579,3744 2581,3746 2581,3806 2586,3811 2587,3811 2587,3812 2584,3815 2583,3815 2582,3816 2581,3816 2579,3818 2578,3818 2577,3819 2575,3819 2574,3820 2573,3820 2572,3821 2571,3821 2570,3822 2569,3822 2568,3823 2565,3823 2564,3824 2563,3824 2562,3825 2560,3825 2559,3826 2558,3826 2556,3828 2556,3849 2555,3850 2555,3851 1888,3851 1887,3852 1777,3852 1776,3853 1669,3853 1655,3867 265,3864 317,3780 511,3815 718,3774 862,3791 915,3811 981,3758 1225,3751 1715,3763 1716,3762 1800,3762 1801,3761 1803,3761 1805,3759 1807,3759 1808,3758 1810,3758 1811,3757 1813,3757 1814,3756 1819,3756 1820,3755 1830,3755 1831,3754 1902,3754 1909,3747 2061,3747 2062,3746 2064,3746 2065,3745 2485,3745 2496,3734 2497,3734" />
        <TextEquiv>
          <Unicode>Happ: and Unhapp. their Dimensions. Value of a Pain or Pleasure (7</Unicode>
        </TextEquiv>
      </TextLine>
    </TextRegion>
  </Page>
</PcGts>