2731 4096
414 247 924 327 ss ss
211 252 2380 411 Happ.ss and Unhappss: their Dimensions. Value of a Pain or Pleasure
1060 404 1244 471 7. these
257 414 1955 577 Tis in respect to the aggregate of ^ its three dimensions that Body
208 563 1942 699 is said to be great or small: 'tis of these that its magnitude is com­
202 704 1981 842 ­posed: it's magnitude is the product of all of them together. It may be
752 778 1558 874 Of the same may be said
197 801 1977 944 said to be the same with Pleasure in respect of these its two dimensi­
212 940 1947 1094 ons. It's magnitude is the product of one of them by the other. [a]
896 1161 1220 1236 Note [a]
238 1213 1965 1351 This expression, common as it is, being a loose and abbreviated one
278 1294 1052 1368 apt not to <gap/> [+]
207 1330 1972 1470 is not be clearly understood. Intensity and Duration are Qualities
202 1404 675 1488 elements ^ But
205 1448 1984 1589 of Pleasure. ^ It is not Body that is multiplied by Body: it is not
218 1604 2008 1746 Quality that is multiplied by Quality; it is number always that
228 1748 1989 1882 is multiplied by Number. A Product is a Number resulting from
788 1828 1007 1900 either of
227 1841 2015 2001 the multiplication of ^ the two numbers by the other. The Term "Product"
1208 1967 1391 2070 only [+]
223 2018 1956 2158 therefore is strictly applicable to Numbers . An imaginary division of
705 2105 1957 2195 which into numbers they ^ <gap/> it were resolved
1601 2155 1782 2204 resolved
229 2170 1973 2286 them is supposed, by which they are resolved, as it were, ^ into Numbers.
1521 2288 1577 2334 a
236 2305 2030 2421 They are, each of them, supposed to be divided into ^ certain number
220 2431 1951 2559 of parts or degrees: parts if they are substances: degrees if they are
219 2559 1956 2677 qualities. This done, the number of the parts of one of them taken
235 2685 1971 2820 as many times as there are units in the number of the parts of the
554 2778 680 2841 third
226 2805 1594 2922 other, is that ^ number that is called the Product.
430 3735 867 3814 ss ss
225 3720 2130 3875 Happ. and Unhapp. their Dimenions. Value of a Pain or Pleasure.
