2731 4096
665 122 921 207 1824 OR 5
205 202 840 314 Constitutional Code
827 382 1158 560 Ch. XVI
597 507 1591 881 Of the Quasi Jury. §
281 740 1134 1037 S. 1. Field of Service.
330 975 1854 1287 Art. 1. By a Quasi-Jury, understand an
160 1180 1912 1445 ever changing body of Assessors, convened from
170 1347 1875 1628 the body of the people, to serve as a check
171 1531 1770 1831 upon the conduct of permanent Judges.
324 1708 1921 1980 Art. 2. To every Immediate Judicatory
185 1840 1880 2154 belongs a Quasi Jury: co-extensive with that
172 2057 1937 2327 of the Judge, is its field of service. Thus in non
195 2252 1092 2485 penal; so in penal cases.
345 2367 1925 2578 Art 3. The occasions on which the Quasi­
202 2528 1941 2787 Jury serves, are distinguishable into 1. Princi­
198 2727 1902 2974 ­pal; 2 incidental. The principal occasion is
222 2914 1934 3125 II Note. On this occasion it is to aleviate mis­
182 3071 1932 3307 conception, that instead of the word Jury, the
194 3235 1980 3502 word Quasi-Jury is employed. By the here proposed
204 3398 1957 3624 institution, what is proposed to be is in principle
200 3537 1944 3765 that which is professed to be done by a Jury: but for
195 3692 1977 3910 giving effect to the principle, the mode employed, is in a con
185 3802 1901 3991 siderable degree different from any as yet employed in any
