2731 4096
1001 224 2145 340 Destruction or Endamagement
822 261 2454 425 Of Criminal Wast or Devastation.
757 491 2584 591 **<SUB>**
1354 612 2118 717 Exposition [Co-offenders]
782 652 2527 815 [(A) Concerned] See Tit: [Of ^ Associates in Delinquency
768 819 2513 983 [(B) and (C) Damaging and Destroying] A thing may
768 986 2452 1124 <gap/> be damaged when it is deprived in
759 1136 2513 1291 part destroyed when deprived altogether of the
766 1300 2494 1439 properties which render it serviceable to man
782 1402 2518 1587 Thus paper may be damaged by being stained;
763 1578 2505 1764 destroyed by being burnt. It is often difficult
783 1722 2527 1877 to determine whether a thing has been damaged
748 1877 2527 2065 only or destroyed: nor is it ever material. All
1101 1975 2431 2101 with respect to the thing it undergoes
765 2054 2468 2197 that is material is the amount of the loss ^ in
2260 2182 2451 2238 party
752 2207 2472 2381 point of value: and with respect to any person
765 2304 2480 2417 interested. Or damage he sustains by reason of such loss.
764 2381 2290 2552 [(D) Value] See Tit: Theft Note eodem verbo.
730 2558 2487 2762 [(E) Worth regarding] See Tit: Theft Note eod. verbo
760 2777 2210 2941 [(F)] Right] See Tit: Theft. Note eod: verbo.
759 2961 2322 3134 [(G)] Amenable] See Tit: Theft. Note eod: verbo.
1411 3205 1933 3265 NOTE continued.
777 3224 2483 3321 to any immoveable Notes. article of property by a person
790 3279 2566 3381 who has with or without right the temporary possession of it: and
790 3332 2591 3418 it is equally applied whether the quantity of wealth in question [+]
792 3364 2516 3490 frugality. Devastation seems to answer the purpose
792 3524 2480 3662 better than any of the preceding Terms: but then
772 3677 2570 3786 it is hardly ever employed but in cases where the
794 3827 2560 3953 things destroyed or damaged are in large quantities. The
792 3905 2574 3974 word endamagement seems better calculated to include destruction,
793 3948 2502 4025 than destruction to include endamagement: for if a thing be
2372 3953 2568 4025 destroyed
