2731 4096
134 77 227 157 14
80 152 202 250 6.
773 247 2250 368 Destruction or Endamagement
779 279 2460 423 Of obstinate Waste or Usurpation .
1008 432 2136 574 Instructions to the Legislator
1137 504 1658 610 Observations
876 678 2451 798 Under the English Law there is no remedy
765 847 2462 983 against the iniquity here provided against;
760 1009 2492 1141 and probably most other systems of Law are as
732 1176 1579 1283 yet in the same case.
939 1312 2470 1412 It might be of use perhaps to include in the
748 1471 2481 1586 Law relative to this offence a catalogue containing
755 1634 2420 1749 examples of the several sorts of things which
756 1776 2486 1903 should be deemed of course to be irreplaceable
754 1957 2466 2079 in their own nature. With regard to the several
757 2131 2375 2237 Articles comprised in this catalogue a man
746 2279 2492 2380 should be entitled to the extraordinary protection
747 2456 2433 2585 of the Law as a matter of course: with regard
755 2615 2458 2729 to any others, not without the special allow=
762 2787 2474 2903 :ance of the Judge. This list would of course
751 2947 2378 3060 be different according to the manners customs
1165 3030 1691 3107 and circumtances
752 3092 2525 3206 and opinions of different States and districts.
