2731 4096
408 256 1484 407 Simple Mental Injuries.
160 444 1872 537 A simple mental injury is either positive
159 523 1599 621 positive it is positive
160 589 1858 700 or negative: A Simple Mental Injury is where without lawful
161 725 1316 815 (A) (B) (C)
210 772 1840 901 cause a man is concerned in occasioning pain or uneasiness
362 922 452 990 (D)
178 952 1818 1070 of mind to another without committing any other offence: on
205 1031 330 1087 it is
178 1061 1471 1168 A negative simple mental injury is where
435 1110 1938 1170 a man some pain or
191 1144 1902 1258 knowing him to be in immediate danger of sustaining <gap/> unea=­
285 1251 1620 1361 of mind use (E) your endeavours to you
185 1310 1882 1438 ­:siness and being bound to save him from it; forbears to do so,
184 1401 1872 1522 for want of which endeavours such uneasiness is undergone by
187 1495 416 1540 him.
791 1500 1106 1603 Exposition
1027 1624 1090 1687 1
215 1654 2401 1805 [(A) Lawful Cause] See [Simp. Pers. Injuries] eadem voce. Tit. [Of Justifications]
1035 1802 1087 1854 2
180 1814 1310 1955 [(B) Concerned] See Tit. [Co-offenders]
1010 1961 1090 2030 3
194 2006 1731 2167 [(C) Occasioning] See [Simp. Pers. Injuries] eadem voce.
1028 2178 1105 2254 4
198 2217 1918 2360 [(D) Mind] For instance if a man were to exhibit a monstrous
184 2417 1927 2538 or horribly-distempered object to a person of a delicate constitu=­
192 2592 1914 2718 ­:tion, such as a pregnant Woman: or tell her a shocking story; or
215 2775 1887 2894 tell her in an abrupt manner of the death of her husband or
205 2938 1921 3081 of any person particularly dear to her: or were to uncover his
195 3105 1924 3274 nakedness, or use obscene language or gestures before a modest wo=­
188 3235 1905 3351 ­:man: or by a false tale were to terrify her with the appre
207 3318 1897 3452 <gap/>­hension of a mad dog, or a housebreaker, or an
208 3384 2108 3488 earthquake: or of a ghost or vampire or other such imaginary being.
1134 3451 1207 3501 5
202 3461 1617 3591 [(E) Bound] See [Simp. Pers. Injuries] eadem voce.
1101 3598 1210 3667 II
464 3644 2203 3795 Punishment, Aggravations and Excuses Extenuations
1545 3805 1731 3862 such
210 3855 2116 3957 Are the same as for Simp. Pers. Injuries: but the aggravations,
247 3921 351 3962 are
203 3940 1333 4016 are without the extra-punishments.
