2731 4096
198 203 1915 379 Of Child-Stealing and Kidnapping of Children.
226 518 1871 632 of full age and neither Parent be living then he may be
208 724 1914 817 restored by being presented and his condition made known,
218 903 1453 1016 before any Judge whom he shall choose.
231 1124 1925 1233 [(B) Restored] Any act done in the sincere intention of res=­
218 1277 1890 1418 ­:toring the Child shall be deemed equivalent to actual
226 1487 1928 1604 Restitution; if actual Restitution be afterwards prevented or
226 1699 1889 1809 delayed without any default of the Offender. As if the
230 1906 1904 2005 Offender through fear of justice deliver over the charge
227 2098 1887 2192 to another person, and such trustee is apprehended by
230 2288 1924 2402 course of Law, or dies, or falls sick, or unexpectedly betrays
728 2418 1738 2570 Theft. Verbo [amends]
230 2493 547 2558 his Trust.
837 2530 1118 2647 Excuses
927 2630 1342 2724 Extenuations
1142 2698 1521 2765 Confinement
371 2732 1927 2855 Are the same as in ordinary Kidnapping, which See.
671 2850 1774 3018 Aggravation II. Frustration of
904 2967 1734 3052 Inheritance. for the sake
262 3007 1914 3124 Where the offence was committed in the view of de­
242 3152 1944 3257 ­priving the child of some inheritance; or causing ano­
285 3285 1337 3412 ­ther to enjoy it instead of him.
693 3410 1424 3509 Extra-punishment
267 3520 1628 3622 As per Theft, to the value of the inheritance
817 3664 1312 3743 Extenuations
