2731 4096
302 226 1595 383 Frauds relative to the Coin.
180 541 1905 626 pieces at a time, the presumption is that either he did not even
199 736 1887 824 then know it to be bad, or at least had originally taken it
197 902 1885 1025 as good: but this presumption may be surmounted by other
191 1122 469 1178 evidences.
379 1270 1816 1384 6. That which was once a piece of diminished or
203 1472 1850 1573 counterfeit Coin is no longer to be deemed so, after it has
537 1621 676 1714 (AA)
207 1663 551 1749 been defaced.
252 1843 1887 1973 [(AA) Defaced] 1. A piece of Coin is understood to be de=
203 2023 1879 2168 :faced, when it has been so dealt with that it is plain no
204 2239 1105 2358 one could expect to pass it off.
424 2500 1916 2645 2. The surest way of defacing a piece of Coin is by cutt=
208 2701 1895 2813 :ing it in two: that is dividing it into at least two parts as
213 2909 1483 3008 nearly equal as they can readily be made.
185 3041 1301 3176 [(B) concerned] See Tit. [Co-offenders]
616 3078 1507 3230 Instructions to the Judge
413 3317 1905 3453 The following facts will serve as strong presumpti=
826 3498 1171 3576 concerned as
221 3553 1930 3685 :ons of a man's being ^ a diminisher or counterfeiter of Coin,
221 3748 1944 3860 or in confederacy with those who are; and such presumpti=
1712 3908 1841 3957 :ons
