2731 4096
343 250 1786 430 Of Simple Mercantile Defraudment
468 1236 1383 1392 Instructions to the Judge.
607 1360 1282 1436 See Tit. [Defraudment.]
140 1410 1893 1516 [(A) Defraudment] The fraud in this case will depend prin足
914 1517 1217 1570 the dealer's
180 1527 1864 1655 足cipally upon <gap/> to the vendor's knowledge of the circums=足
1687 1694 1880 1778 value,
182 1716 1871 1848 足:tance which renders the thing inferior in point of quality
463 1840 900 1918 he puts it off for,
185 1898 1870 2035 to what it is sold for this is a point which in general it
188 2089 1870 2198 will not be easy to prove by positive testimony. There are
188 2278 1795 2393 several circumstances however which singly or jointly
189 2490 1844 2597 may afford such presumptive proof as may be sufficient
186 2644 1839 2857 to warrant a conviction. These are for instance [1.st The
200 2888 1829 2995 obviousness of the defect to any one who keeps it for a
193 3065 979 3194 long time in his possession
249 3273 1863 3407 2. His selling frequently things of a similar low value
205 3485 887 3581 at a similar high price.
259 3651 1873 3753 3. His keeping none but such debased or counterfeit goods
218 3837 752 3948 in his possession.
1710 3862 1861 3992 4.ly
