2731 4096
112 86 261 156 <gap/>6
872 227 2196 408 Of Simple Mercantile Frauds.
2148 532 2531 590 in an extraor­
850 540 2488 690 4ly. His having bought them at a price ^ disproportio=
816 700 1945 797 ­dinary degree primâ facie
843 755 2472 847 :nably inferior to their common current value: under­
840 828 2501 927 ­stand to that value at which they are sold to dealers: which of
863 894 2326 951 course is inferior to that at which they are sold to consumers
864 937 2513 1043 5y. The degree of skill he appears to possess in relation
836 1110 2515 1203 to his Art or Trade. For the more skilful he is, the less
834 1199 2272 1280 likely he is to have been himself imposed upon.
1103 1283 2220 1444 Instructions to the Legislator
1031 1533 2517 1656 The nature of different Wares is so different that the
836 1735 2526 1841 measures to be taken for preventing Frauds of the kind in
843 1925 2445 2060 question can never be carried to their utmost perfection
849 2127 2544 2226 without establishing different provisions in relation to the dif=
831 2307 2545 2414 :ferent trades and manufactures. This is what is accord=
845 2481 2530 2607 :ingly done to a greater or lesser extent by the Laws of
852 2704 1474 2794 all European nations.
1110 2902 2525 3008 One expedient that would apply to most trades
866 3073 2500 3208 and manufactures would be a provision to this effect;
1038 3310 2523 3403 Upon an application made by any person who
1850 3424 2254 3530 imposed upon
870 3515 2517 3622 alledges himself to have been thus deceived, let the Judge
869 3709 2564 3821 have a power if he thinks proper, to grant a warrant
2252 3812 2477 3951 for
