2731 4096
889 233 2433 391 Frauds relative to the Coin.
814 539 2569 639 pieces which are so small as that they may have been separat=
821 721 2046 832 :ed from the metal without defacing it.
830 924 2509 1050 [(B) Same Place] They shall be deemed for this purpose to have
836 1127 2524 1238 been found in the same place with such instrument if they
825 1311 2518 1441 are found so near to it as to appear to have been deposited
840 1515 2506 1628 there by, or by direction of, the same person: as if they be
837 1722 2152 1815 found in different rooms of the same house.
1333 1933 1444 2026 3.
1273 2035 1698 2128 Main-Text
1047 2213 2524 2328 Also if they be found any where in such large quanti=
853 2412 2499 2491 :ties, though no such instrument were in the same place,
859 2603 2526 2689 as to appear to have been kept or deposited there in the
864 2789 2526 2896 course of traffic, or to have been separated from the Coin
858 2994 1814 3098 for the sake of Unlawful Gain.
1371 3151 1482 3241 4.
1591 3275 1671 3333 (a)
1071 3280 2550 3412 Also all washings or solutions of any metals which
2380 3400 2523 3460 are
1412 3503 1716 3589 Note.
1535 3596 1626 3657 As
873 3599 2520 3767 [(a) Washings.] With regard ^ to clippings and filings, these may
879 3776 2533 3873 without inconvenience be allowed to be seized; since the composition
2416 3882 2492 3969 of
