2731 4096
275 216 1683 403 Of Frauds relative to the Coin.
234 524 1930 645 carried on to a certain length without suspicion; owing to the
227 688 1919 805 difficulty of discriminating those who know of the sophistica=
223 878 1854 984 :tion from those who do not, and the indemnity which it is
221 1069 1949 1177 necessary to establish in favour of persons of the latter descrip=
223 1271 376 1344 :tion.
258 1401 1909 1533 II. Because in the Case of Frauds upon the Coin a single
225 1597 1918 1727 Act is more surely presumptive of a habit, than in most other
227 1796 1928 1900 Cases of Fraud: and in general than in most other offences a=
214 1971 755 2101 :gainst Property. +
525 2169 1924 2264 When a man betakes himself to Coining he sits down to
220 2353 1920 2452 it as to a regular occupation. He lays in a stock of Utensils and ma=
214 2532 1905 2619 :terials; the expence of which if it were not for his follow=
220 2695 1905 2800 :ing the occupation for a continuance, must commonly much
217 2865 1893 2968 more than eat up all the profits; a circumstance which is as
213 3042 1904 3165 good a proof as any which the nature of the things can afford
213 3244 1891 3363 of a man's intending to continue in the practice of this kind
222 3419 1906 3548 of Fraud, for an indefinite length of time. On the other hand
223 3611 1900 3726 if a man is not himself the Coiner, nor concerned with any
219 3780 1887 3908 one who is, the uttering the base Coin is an Offence that can
1673 3900 1830 4003 only
