2731 4096
116 46 216 126 6.42
1029 276 2136 413 Of ForgeryFalshoods in general
2278 502 2380 578 (1)
1022 547 2503 646 For Forgery in the view of obtaining for himself or any
1589 676 1684 756 (3)
1076 673 1208 763 (2)
840 728 2556 817 other person, or of preventing any person from obtaining, any dig=­
1856 856 1965 919 **28** (4)
860 886 2554 988 ­:nity or title of honour, or of depriving any person of any title
2417 958 2526 1045 **26** of
1426 1110 1628 1165 Note.
849 1209 2528 1313 stolen from him. To the public it is prejudicial in two points of view:
2413 1341 2530 1380 im­
832 1341 2565 1458 1.st Presently and immediately by having wares of inferior quality 2 Dis=­
823 1426 2560 1521 posed upon them instead of wares of a superior quality: 2 Dis­
832 1484 2550 1604 ­:tantly and contingently, by lessening the encouragement which Traders
838 1646 2544 1748 and Manufacturers would otherwise have to go on in the improvement
845 1806 2526 1924 of their wares, There cannot be a more natural, a more frugal or
840 1964 2532 2070 more eligible way in every respect of rewarding skilful industry, than
850 2132 2549 2231 by securing a man in the enjoyment of the natural and spontaneous
2460 2243 2600 2315 in [+]
842 2290 2602 2396 fruits of it. It is prejudicial to the public sometimes upon
1067 2414 2556 2500 Some precautions however may be requisite to be taken in order
844 2572 2537 2659 to save a man from falling innocently under the lash of this punishment.
845 2709 2561 2807 If the name only be employed to authenticate the wares , this will not always be
846 2866 2543 2948 sufficient; since two persons of the same trade may be of the same name; if
846 3012 2554 3088 the abode be added it will sometimes happen by accident or design that two
847 3116 2557 3232 persons of the same name and trade shall live in the same place. Besides
823 3282 2604 3381 there are many wares which will not admit of marks of such a bulk. Arbi=­
843 3434 2573 3535 ­:trary marks would be still more likely to be assumed innocently by more
842 3573 2613 3679 persons than one. To obviate this danger Registers might be appointed in which
856 3706 2587 3806 the several Traders and Manufacturers might be at Liberty to enter their respective
848 3828 2600 3921 wares if they thought proper; and if after such entry, any other person should assume
847 3908 2593 3995 the same marks , in that case and no other it might be reputed a Forgery under the above
858 3978 1095 4028 Provision.
