2731 4096
1425 215 2502 320 Destruction or Endamagement
835 280 2494 424 Of obstinate Waste or Usurpation
1171 461 1837 584 Punishment.
781 574 2505 698 1. Fine at all events. Up to five times that sum which
808 654 2511 795 1. The offender may be punished in the way
788 742 2511 865 is the greatest: the amount of the damage produced by
784 825 2512 965 of retaliation (A) Out of which
798 860 2518 992 the offence, or of the profit made by it. This at dis-
780 914 2550 1061 fine an allowance may be made to parties injured over
777 985 2528 1122 2. It may be punished with all or any of
787 1065 2510 1188 and above simple compensation. This at discretion.
788 1117 2555 1292 the punishment either of Theft or of criminal
777 1241 2534 1347 2. In atrocious cases Presence - banishment: or
791 1320 1952 1405 Waste. in lieu thereof, Retaliation. (A)
1195 1358 1657 1480 Exposition.
775 1590 2490 1729 [(A) Retaliation] To wit by vexing him in the
763 1757 2469 1870 same way in which he has vext the party
791 1917 2516 2046 injured. For instance if it was a picture of your
784 2064 2516 2210 deceased father that your adversary destroyed or
786 2194 1021 2296 damaged
788 2194 2561 2354 <gap/>, and he has a picture of his deceased
771 2401 2453 2517 father or his deceased wife, the Judge may
790 2564 2538 2691 cause either of such pictures to be delivered to
769 2729 2507 2875 You or destroyed. So if he has any thing else
788 2892 2496 3000 on which he sets a particular value, so that
791 3032 2546 3173 the marketable value of it be not beyond mea=
785 3213 2540 3349 :sure greater than that of the thing you lost.
1888 3291 2190 3377 To p. 15
1311 3345 1652 3485 Question
1181 3434 2572 3524 obstinate Destruction or Endamagement when obstinate
888 3454 2552 3602 Why ^ these offences are punished in an extraor=
787 3624 1455 3732 :dinary manner?
1399 3651 1792 3768 Reasons.
829 3843 2538 3955 1. Because nothing less is sufficient to make sure
2339 3947 2559 4009 that
