2731 4096
1060 194 2058 305 Destruction or Endamagement
360 232 1908 394 Of obstinate Waste or Usurpation
236 414 641 530 From p. 7.
895 563 1711 652 Destruction or Endamagement
534 600 1892 750 Obstinate ^ Waste or Usurpation is where
1035 717 1557 804 or having access to
175 774 1911 881 a man being in possession of ^ a thing which is irre=
374 881 1294 955 (A) and which he knows to be so,
161 915 1883 1057 :placeable, ^ and knowing or apprehending that it
153 1028 1932 1115 has been or is concerned in dama
168 1097 1911 1200 will be claimed by another, <gap/> damaging
501 1165 1157 1266 (B) in order (C)
165 1216 1888 1359 or destroying it, to prevent his adversary from re=
544 1357 668 1458 (D)
163 1391 1878 1527 :covering it in as good plight as it ought to be
165 1540 840 1693 by course of Law.
778 1682 1179 1787 Exposition.
147 1849 1866 2002 [(A) Irreplaceable] See Theft Aggravation 1 and 2.
175 1957 1942 2061 [(B) Destroying] It shall be presumed to have been destroy'd
148 2017 1988 2107 and in that view, if it be not proved either to have been destroy'd
137 2074 1882 2214 [(D) Recovering it.] And intending by that means
173 2238 1891 2367 although his adversary should be found to have
155 2410 1851 2547 the right to the thing itself to put him off
171 2590 1894 2691 with the imperfect remedy of a vicarious com=
202 2668 1536 2777 (See Tit. [Compensation] ....) to
158 2742 1862 2860 :pensation instead of surrendering him as he
173 2912 1036 3027 ought the thing itself.
176 3086 2060 3212 [<gap/> Vicarious] See Tit. Compensation To the next page.
162 3241 709 3316 From par. 2
133 3291 1879 3450 [(C) Prevent] This will of course be the case
162 3458 1881 3619 if he has already had legal notice to keep it
151 3608 1924 3784 forthcoming. For the method of giving such no=
142 3727 1878 3937 :tice: See Procedure Tit. [Obstinate Waste &c]
1710 3902 1924 4001 Punish:
