2731 4096
321 261 1654 395 Frauds relative to the Coin.
219 523 1853 645 being in confederacy with any one who was concerned in
215 715 1898 828 counterfeiting altering or importing it he shall be punish=
207 927 1399 1037 :ed as for a Simple Mercantile Fraud.
303 1094 1335 1210 From p.8 No 1 Exposition
216 1123 1875 1291 [(B) Instruments] 1. By the instruments of the crime are to be under­
190 1358 1881 1470 ­stood on this occasion the whole stock of implements and materials
202 1530 1875 1657 of what kind soever that appear to have been employed or design=
199 1745 1879 1855 :ed to be employed in any such unlawful manufacture. For exam=
191 1935 332 2048 :ple,
258 2028 1683 2150 1. Any Moulds or Presses for making the Impression.
246 2215 1862 2341 2. Any Furnaces with the melting pots, tongs and other instru=
342 2389 922 2492 ­ments thereto belonging
251 2567 1828 2686 3. Any acid or other menstrua capable of holding metals in
386 2742 1751 2858 solutions; such as aqua fortis, aqua regia, and the like.
226 2914 1865 3037 4. Any quantities of diminished Coin, or clippings or filings
391 3116 1924 3226 or solutions of metals used in coinage or masses of unwrought
380 3280 911 3369 metal of any kind.
217 3425 1886 3562 5. Whatsoever things appear to have been designed or are ne=
360 3603 1907 3709 :cessary for containing or conveying any of the above Ar=
364 3756 1639 3877 :ticles such as boxes, phials, chests, and so forth.
1667 3915 1913 4016 [Forfeited]
