2731 4096
2451 67 2564 119 109.
435 243 1181 384 Of Forgery. Definition
163 445 1884 605 nature of any of those which are commonly employed to answer
159 672 1926 824 the purpose of discourse, it may be counterfeiting but it is not
160 879 1891 982 Forgery. Thus making on any metallic substance silver or not
160 1067 1880 1156 silver, a mark with intent that it shall pass for a mark
157 1245 1812 1346 that ought by law to be made on silver to distinguish it
153 1427 1876 1538 from other metallic substances, is Forgery; and this although
154 1628 1842 1730 the mark be of such a figure as, upon a person who were
152 1796 1879 1923 acquainted with the mark that according to Law ought to
156 2000 1873 2106 be upon Silver, could not, for want of resemblance, pass for
154 2186 1878 2286 such a mark. but making a metallic composition with
157 2380 1892 2489 intent that is shall pass for silver, but without any such
1202 2495 1536 2586 an act of
154 2543 1910 2682 mark, is not Forgery. It is only imitation at large
163 2669 1910 2754 which may or may not be converted to fraudulent or other
195 2734 732 2793 pernicious purposes.
332 2776 1908 2880 2. The import of the discourse signified by a mark
491 2847 713 2915 impressed
463 2880 1736 2980 impressed or otherwise superinduced upon Silver
167 2953 1930 3072 of this sort is as follows: "I the proper Officer in this be=足
163 3149 1936 3255 足:half do, by causing this mark to be impressed, declare that
170 3334 1919 3457 the substance on which it is impressed is silver of a certain
169 3496 1153 3619 fineness as prescribed by Law."
332 3671 1928 3817 3. So in the case of Stampt Paper, where the Stamp is re=足
167 3900 1939 4006 足:quired to be affixed for the purpose of collecting a tax: the
1739 3947 1932 4019 import
