2731 4096
1481 67 1575 140 C
774 121 2450 267 Of Injuries to the Liberty of Locomotion
868 262 2379 390 Of Unlawful Confinement.
771 489 2472 634 3. It matters not whether the confinement be brought a=­
783 716 2423 799 ­:bout by application to the person of the sufferer, that is
786 881 2384 994 by physical application, or to his mind, that is by
1844 1022 2448 1097 menacement, so that
776 1071 2480 1194 mental application, to whit, by threats or menacing be=­:
746 1185 1712 1271 whether by behaviours, or in words;
758 1251 2442 1365 ­:haviour as if a man threatened You expressly that if you
777 1459 2410 1558 stir out of your house he will shoot You, or as if
1350 1572 1504 1650 bear
785 1644 2480 1765 being known to ^ have a violent enmity towards you
784 1825 2473 1932 he keep hovering around your door armed in an
1871 1978 2255 2037 menacement
779 2017 2427 2130 unusual manner. Provided the threat or menacing
791 2190 2410 2306 behaviour be such as would afford a reasonable ground of
785 2338 2391 2510 apprehension to a person of ordinary courage. See Tit.
801 2527 1106 2571 Menacement.
797 2621 2417 2751 [(D) Place] 1. It matters not whether the place to which a
791 2831 2472 2931 man is confined be a prison properly so called or any other
781 2985 2472 3105 place. For a prison is nothing more than a place parti=­
796 3184 2435 3308 ­:cularly adapted to the use of confining persons for the
796 3367 1457 3494 purposes of justice.
1038 3550 2485 3652 2. It matters not whether it be always the same
799 3714 2486 3844 or changing. As if an armed man or one stronger than You
2295 3878 2422 3938 be
