2731 4096
1441 121 1527 191 C
789 107 2471 273 Of Injuries to the liberty of loco-motion
956 267 2345 413 Of Unlawful Confinement.
815 519 2532 614 to be affected by any crime. He may be affected by them
2372 671 2600 754 last par.
797 688 2285 800 in his person, fortune, condition or reputation.
2315 730 2610 860 To p. 42 ^
1518 818 1652 880 IV
1233 869 2362 1006 Aggravation I. Place strange
1013 1115 2493 1223 Where the place in which the party injured is
1583 1264 2532 1321 [+] (a) were drawn
803 1290 2520 1415 confined is a strange place, especially if he ^ have been inveigled
801 1487 2439 1604 thither by fraud or carried thither by force.
1346 1664 1706 1772 Exposition
813 1801 2515 1937 [(a) Strange place] 1. The strangeness of the place will de=
809 2013 2535 2117 :pend upon the condition and circumstances of the party
813 2195 2458 2297 injured. The next Street may be a strange place to a
1634 2320 2265 2405 surface of the globe
801 2371 2522 2480 young Child. The whole ^earth may scarcely afford a
818 2571 2358 2682 strange place to a sailor. See Kidnapping.
807 2638 1061 2717 To p. 21
1951 2695 2534 2782 Place concealed.
804 2737 1180 2834 From p. 21
1264 2738 2470 2889 Aggravation II. Clandestinity
978 3001 2517 3115 Where the place of confinement is kept secret, or
816 3190 2490 3292 endeavoured to be kept secret, from the friends of the
818 3343 2502 3475 party; whereby they are prevented or endeavoured to be
816 3539 2211 3657 prevented from using means for his relief.
2165 3602 2470 3681 To p. 25
792 3692 1151 3781 From p. 28
1285 3682 2324 3850 Aggravation III. Death
1452 3802 2387 3905 during or a short time after the
937 3845 2560 3987 Where a man dies ^ under unlawful confinement: and
2061 3920 2560 3995 especially it
