2731 4096
1031 229 2116 403 Of Theft or Stealing.
753 531 930 591 else:
859 600 2473 703 2. Nor does it matter for what time: whether for=­
741 739 2466 857 ­:ever or only for a limited time. If only for a limited
746 901 2453 997 time, it is theft to the amount of the value of the
750 1044 2223 1154 use of it or of the loss of it for that time.
769 1180 2415 1367 [(I) Amenable] A man may be said to intend
728 1404 2497 1510 not to be amenable to law for taking a thing when
876 1500 1250 1569 intention is
742 1566 2471 1666 his intents either to keep the affair concealed from
906 1682 1241 1754 cognizance
741 1708 2447 1836 the knowledge of the Judge, or not to conform
1439 1815 2219 1904 having had cognizance
734 1867 2467 1991 to that which upon the knowledge of the affair,
1010 1958 1500 2054 (he thinks) will
741 2006 1600 2165 the Judge shall order.
1057 2187 2287 2360 Instructions to the JudgeX
995 2457 2478 2554 The signs of a man's intending not to be a=­
767 2597 2421 2693 ­:menable to law for taking a thing [which he has
753 2745 2351 2867 no right to take] are as follows. 1.
758 2878 1660 2993 X Note.
871 2950 2431 3067 The chief use of these instructions is to settle the
764 3076 2460 3178 ideas of the Judge on this subject and enable him to
757 3198 2486 3289 determine when a man is guilty. As to the offender, he
758 3313 2487 3421 knows well enough when he is guilty without danger
761 3431 2488 3528 of mistake; on this account the insertion of this article
752 3539 2506 3660 does not seem so necessary as that of some other parts in
1760 3617 2404 3708 may be thought perhaps
758 3663 2479 3778 the popular part of the Law. It means rather to concern
763 3781 2482 3915 the function of the Judge and to belong therefore to the Ti=­
752 3912 1306 4028 ­:tle of Procedure.
