2731 4096
1070 207 2087 363 Of Family Imposture.
775 507 2509 599 opposite channels, is capable of producing such a variety of distress
784 692 1862 750 as it would take a Volume to delineate.
836 888 2487 1012 2. Because if there are some cases in which a less punish=­
780 1096 2476 1190 ­:ment might suffice, the offence will always be so rare, that the
780 1267 2482 1378 provisions necessary for the purpose of excepting them would
778 1455 2508 1549 not pay the price of the room they would occupy in the Code.
965 1680 2499 1821 Quest. II. Why the bringing up of Adulterous Issue as
1250 1831 2530 1974 Lawful is not punished as Family Imposture?
1202 2047 1494 2134 Reasons.
935 2244 2505 2380 1. Because punishment if slight would be inefficacious:
798 2469 2507 2574 and whether slight or heavy would be unprofitable. It would
1650 2588 2141 2672 more often than
781 2648 2474 2748 disturb the peace of Families [in more instances than those in
804 2811 2504 2966 which] it would preserve it. It would exasperate the sufferings
811 3018 2482 3139 of the injured husband by forcing him to publish his Wife's
812 3207 1517 3281 dishonour and his own.
909 3399 2532 3517 2. Because the mischief is not so great in this case as in the
812 3591 2515 3716 other. From the nature of things the general probability will al=­
804 3767 2529 3881 ­:ways be that the offspring of the wife are the offspring of the hus=­
2300 3885 2490 3955 ­:band
