2731 4096
323 250 1773 397 Of Irreparable Personal Injuries.
978 441 1284 535 17. 11
193 514 1842 635 10. If the offender intending to do an irreparable per=­
208 728 1804 816 ­:sonal injury of one sort is eventually instrumental
168 883 1835 988 in doing an irreparable personal Injury of a worse
1474 997 1638 1061 done
163 1066 1852 1169 sort; he may be punished only as if he had that which
155 1244 1818 1351 he intended; but he shall make compensation as for
149 1401 933 1544 that which he has done.
931 1547 1314 1632 18. 12
202 1649 1845 1745 11. If intending a greater injury he do only a less, he
150 1790 1179 1925 may be punished as for either.
997 1987 1342 2087 19. 13
182 2035 1779 2183 [ Stigmatised] If the offence consist in irreparably
148 2259 1786 2432 disfiguring a person in the face in such sort that if the
147 2432 1794 2548 offender were to be disfigured in the same manner there
150 2594 1859 2750 would not be sufficient room left to apply the stigma, the
160 2781 1428 2898 stigma shall be applied in preference.
940 2872 1068 2927 **12** VI
381 2902 1884 2995 In other cases, the punishment may be more in degree
142 2970 1875 3105 but shall be no other aggravations in kind than for a sim­
138 3070 1110 3167 ­ple personal Injury. VII
738 3131 1197 3225 Aggravations
301 3177 1887 3287 are the same as in Simple Personal Injuries which
158 3350 1148 3445 See. VIII
401 3377 1235 3502 Extenuations Excuses
141 3578 1867 3716 Art 1. Want of Intention. 2. Ignorance of the Law. 3. Inno=­
156 3779 1789 3887 ­:cence of Intention. 4. Intoxication. 5. Compulsion.
1585 3901 1900 4010 6. Influence
