2731 4096
377 231 1805 372 Of Defraudment by false standards
1251 398 1847 548 For being con=
181 585 1885 676 :cerned in cheating by false standards of weight or measure or by the
184 746 1888 846 fraudulent application of just standards of weight or measure the offend=
178 908 1165 1028 :er's punishment shall be as follows:
257 1122 1892 1265 1. He shall be made to do public penance in a peculiar manner.
315 1235 985 1372 see Tit. [Punishments.]
240 1428 1873 1557 2. In other respects he may be punished as for simple mercantile
315 1588 867 1697 Frauds: which See.
209 1739 1156 1885 From p.6 Exposition.
200 1921 1793 2095 [(A) Cheating] Or fraudulently obtaining. See Tit. [Sharping]
305 2064 622 2134 Themselves
191 2105 1898 2241 [(D) ^ False ] It matters not whether the standards in question were ne=
185 2312 1893 2416 :ver conformable to the public standard, or whether having originally
188 2497 1905 2608 been so they have since been rendered unconformable ; as by filing away
188 2678 1890 2771 a part of a standard weight, or of one of the arms of a balance, or
187 2853 1910 2946 cutting off a part of a standard measure of length or beating in the
1764 2990 1894 3045 All
194 3017 1919 3134 bottom, or putting a false bottom to a measure of capacity,. except
172 3131 600 3210 the difference is
155 3192 1912 3305 ^ that the criminal consciousness may more easily appear manifest in the
156 3370 2161 3474 former case than in the latter . To p. 6. No 2
205 3460 518 3540 From p. 2
371 3521 561 3601 Weight
191 3550 1912 3678 [(C) Standards ] 1. It matters not in what way the instrument em=
159 3745 1873 3876 :ployed as standards purport to indicate the weight of the commodity
1725 3907 1831 3984 in
