2731 4096
258 183 1745 384 Of Frauds relative to the Coin.
340 538 1877 644 The people indeed whose concern is chiefly with Copper Mo=­
198 738 1858 835 ­:ney will often get Silver money: they will also now and then
192 902 1887 1007 get Gold; so that it is not by the badness of the Copper Coin
196 1105 1889 1207 only that they are exposed to suffer: they are exposed, in a con=­
196 1270 1867 1377 ­:siderable degree, likewise, to suffer by the badness of the silver
194 1461 1851 1558 Coin; and to a certain degree even by the badness of the gold
196 1649 1868 1760 Coin. And if they suffer any loss at all by the badness of
201 1823 1895 1934 the silver Coin, they suffer much more on a single occasion
205 2035 1932 2139 than they would suffer in a considerable length of time by the
210 2225 1890 2322 badness of the Copper Coin; and by the Gold even more still.
506 2425 1910 2523 Also , on the other hand with regard to a man whose
213 2595 1896 2679 principal concern is with the Gold Coin, the utmost he can
212 2742 1902 2857 suffer, in a very considerable length of time, by the badness
225 2925 1915 3082 of the Silver Coin is a very trifling object to him; and as
232 3133 1653 3241 to the Copper Coin it is no object to him at all.
467 3339 1904 3432 Still, however, upon the whole, frauds upon the Cop=­
241 3509 1924 3616 ­:per Coin are those which persons of the poorer Class are likely
235 3687 1951 3796 to be most affected by. For as to the more valuable Coins, the
246 3839 1904 3950 heavier the loss upon them would be should they prove bad,
1744 3912 1885 3980 the
