<?xml version='1.0' encoding='utf-8'?>
<PcGts xmlns="http://schema.primaresearch.org/PAGE/gts/pagecontent/2013-07-15" xmlns:xsi="http://www.w3.org/2001/XMLSchema-instance" xsi:schemaLocation="http://schema.primaresearch.org/PAGE/gts/pagecontent/2013-07-15 http://schema.primaresearch.org/PAGE/gts/pagecontent/2013-07-15/pagecontent.xsd">
  <Metadata>
    <Creator>UPV-PRHLT</Creator>
    <Created>2013-03-08T05:03:58</Created>
    <LastChange>2015-12-14T11:11:37</LastChange>
  </Metadata>
  <Page imageFilename="071_116_001.jpg" imageHeight="4096" imageWidth="2731">
    <TextRegion id="t1">
      <Coords points="166,105 1133,61 1813,63 1838,219 1194,238 1075,261 841,238 122,277 177,102" />
      <TextLine id="2840">
        <Coords points="1091,84 1142,64 1190,88 1187,100 1171,145 1134,141 1075,102" />
        <TextEquiv>
          <Unicode>C</Unicode>
        </TextEquiv>
      </TextLine>
      <TextLine id="2841">
        <Coords points="605,124 688,95 817,104 821,107 868,132 847,174 835,180 832,181 801,190 784,177 790,164 781,152 770,154 758,157 721,160 710,164 695,165 678,165 662,170 660,171 645,181 637,181 614,172 611,134" />
        <TextEquiv>
          <Unicode>affecting</Unicode>
        </TextEquiv>
      </TextLine>
      <TextLine id="2842">
        <Coords points="168,175 274,158 398,160 492,160 577,161 584,164 625,184 648,184 674,178 677,178 720,168 784,170 784,184 801,190 821,187 822,187 867,177 878,171 882,167 911,155 912,154 977,141 992,147 998,148 1090,157 1112,157 1232,151 1315,132 1320,132 1644,134 1728,147 1738,154 1745,157 1767,175 1765,185 1761,194 1721,207 1710,208 1328,222 1172,228 1168,230 1138,232 1091,234 1045,240 984,238 967,238 922,231 910,230 785,231 775,232 748,232 690,234 678,238 664,238 660,240 450,242 445,242 357,257 345,257 331,255 325,254 262,251 251,252 238,255 235,255 190,261 182,261 148,260 147,235 151,227 162,202" />
        <TextEquiv>
          <Unicode>Injuries to the liberty of loco-motion</Unicode>
        </TextEquiv>
      </TextLine>
    </TextRegion>
    <TextRegion id="t2">
      <Coords points="152,400 344,402 825,405 1244,391 1725,369 1794,241 1108,238 800,250 325,269 136,300 163,405" />
      <TextLine id="2843">
        <Coords points="1162,263 1278,263 1619,279 1640,300 1702,300 1703,301 1707,301 1708,302 1710,302 1711,303 1713,303 1714,304 1715,304 1717,306 1717,307 1719,309 1719,311 1720,312 1720,315 1721,316 1721,317 1720,318 1720,320 1718,322 1648,322 1647,323 1647,341 1645,343 1608,343 1579,372 1200,372 1180,392 791,392 786,397 785,397 784,398 783,398 782,399 781,399 778,402 776,402 775,403 774,403 773,404 770,404 767,401 622,401 621,400 620,400 611,391 331,391 310,370 309,370 308,369 307,369 306,368 306,367 305,366 305,361 306,360 306,358 307,357 307,356 308,355 308,354 309,353 309,352 310,351 310,350 311,349 311,348 312,347 312,346 315,343 315,342 331,326 331,325 335,321 336,321 343,314 344,314 347,311 348,311 353,306 354,306 355,305 356,305 358,303 359,303 360,302 361,302 362,301 366,301 367,300 388,300 407,281 408,281 409,280 410,280 411,279 541,279 543,277 544,277 546,275 548,275 549,274 865,274 875,264 876,264 877,263 878,263 881,260 882,260 886,256 887,256 888,255 889,255 890,254 892,254 893,253 894,253 895,252 896,252 898,250 1032,262" />
        <TextEquiv>
          <Unicode>Of Unlawful Confinement.</Unicode>
        </TextEquiv>
      </TextLine>
    </TextRegion>
    <TextRegion id="t3">
      <Coords points="1927,4013 147,4000 100,416 308,391 747,405 802,411 1086,383 1211,405 1841,425 1866,880 1866,1547 1897,1994 1905,2700 1908,3380 1919,4016" />
      <TextLine id="2844">
        <Coords points="350,421 457,407 467,407 604,404 677,408 685,410 725,412 772,412 785,410 831,401 940,402 962,402 1020,404 1024,405 1090,420 1088,430 1085,432 1028,450 1018,448 1000,447 948,447 915,450 905,451 892,454 880,454 824,458 820,457 772,450 760,450 708,447 698,450 660,450 615,451 607,451 517,465 512,467 417,455 370,454 341,447 345,430" />
        <TextEquiv>
          <Unicode>affecting &lt;gap/&gt; that is</Unicode>
        </TextEquiv>
      </TextLine>
      <TextLine id="2845">
        <Coords points="200,430 162,488 164,488 297,511 307,514 318,517 324,518 381,525 470,522 474,521 595,507 607,507 861,511 987,511 1217,517 1270,531 1274,531 1352,524 1362,521 1368,520 1481,500 1492,500 1542,490 1597,490 1602,491 1728,494 1731,494 1794,502 1811,502 1825,498 1827,492 1827,470 1824,461 1797,444 1727,444 1455,440 1452,438 1390,425 1380,427 1225,430 1201,430 1117,415 1024,455 935,457 864,464 784,454 721,454 708,457 685,457 601,464 521,458 511,461 505,461 464,464 452,465 374,465 307,460 305,458 277,444 270,441 252,438 260,400 250,401 240,402 225,414" />
        <TextEquiv>
          <Unicode>Injuries, Injuries to a man's liberty of loco-motion are</Unicode>
        </TextEquiv>
      </TextLine>
      <TextLine id="2846">
        <Coords points="191,534 190,544 160,587 167,597 178,605 232,625 301,625 410,628 427,628 500,617 510,614 522,611 534,608 537,608 570,604 981,601 987,600 1121,591 1131,591 1328,598 1341,600 1347,600 1515,601 1527,601 1614,605 1635,605 1680,608 1684,610 1714,620 1722,620 1744,615 1745,605 1750,594 1777,571 1741,554 1731,554 1678,558 1668,557 1664,557 1608,555 1601,555 1564,552 1554,550 1552,537 1517,537 1515,535 1498,514 1494,514 1425,521 1412,524 1398,527 1388,528 1371,531 1292,535 1282,537 1264,537 1051,531 1048,531 930,518 897,518 628,534 610,534 467,525 457,527 451,528 344,538 331,541 307,541 241,531 190,524" />
        <TextEquiv>
          <Unicode>either Confinement, or Loco-exclusion, or Kidnapping.</Unicode>
        </TextEquiv>
      </TextLine>
      <TextLine id="2847">
        <Coords points="1094,612 1095,622 1114,655 1121,657 1145,655 1151,652 1165,642 1167,637 1167,617 1165,608 1160,595 1132,590 1122,591 1107,591 1094,600 1092,601 1092,602" />
        <TextEquiv>
          <Unicode>I</Unicode>
        </TextEquiv>
      </TextLine>
      <TextLine id="2848">
        <Coords points="552,630 554,641 572,698 584,704 857,708 884,708 972,725 975,727 1014,727 1024,724 1027,722 1084,712 1132,712 1534,708 1548,704 1555,702 1811,684 1820,675 1831,665 1834,661 1832,638 1821,634 1811,631 1781,621 1770,625 1760,627 1718,632 1708,634 1670,634 1664,632 1644,620 1640,620 1610,624 1600,628 1590,632 1518,638 1494,638 1431,628 1418,631 1387,631 1324,634 1314,638 1304,641 1275,640 1227,642 1217,647 1205,650 1194,651 1181,654 1102,654 1077,644 1074,641 1054,617 1040,617 951,618 941,620 937,620 838,621 734,621 721,625 708,627 598,627" />
        <TextEquiv>
          <Unicode>Unlawful Confinement is where without</Unicode>
        </TextEquiv>
      </TextLine>
      <TextLine id="2849">
        <Coords points="451,752 584,735 588,735 1090,724 1107,724 1612,741 1615,752 1615,811 1611,821 1604,830 1570,830 1557,827 1545,825 1542,825 1498,800 1470,800 1181,802 1171,805 1091,817 1064,817 1015,811 1005,810 564,810 551,811 460,817 438,778" />
        <TextEquiv>
          <Unicode>(A) (B) (C)</Unicode>
        </TextEquiv>
      </TextLine>
      <TextLine id="2850">
        <Coords points="1755,804 1838,807 1852,814 1851,860 1791,850 1790,851 1789,851 1788,852 1786,852 1785,853 1656,853 1655,854 1636,854 1634,856 1614,856 1613,857 1570,857 1543,884 1542,884 1538,888 1537,888 1536,889 1535,889 1532,892 1531,892 1529,894 1528,894 1527,895 1526,895 1525,896 1524,896 1522,898 1520,898 1519,899 1517,899 1516,900 1515,900 1514,901 1512,901 1511,902 1507,902 1505,904 1504,904 1503,905 461,884 251,905 223,877 190,877 189,876 169,876 163,870 161,870 161,869 184,846 184,845 185,844 185,843 186,842 186,841 187,840 187,839 189,837 189,836 190,835 190,834 191,833 191,832 192,831 192,830 195,827 195,826 197,824 197,823 200,820 201,820 204,817 206,817 207,816 425,816 1108,814 1412,797 1514,811 1565,838" />
        <TextEquiv>
          <Unicode>lawful cause, a man is concerned in confining another</Unicode>
        </TextEquiv>
      </TextLine>
      <TextLine id="2851">
        <Coords points="440,941 574,947 574,971 554,1015 520,1020 505,1020 491,1012 490,1012 468,1008 435,965" />
        <TextEquiv>
          <Unicode>(D)</Unicode>
        </TextEquiv>
      </TextLine>
      <TextLine id="2852">
        <Coords points="596,997 1097,997 1104,1004 1120,1004 1121,1005 1121,1041 1130,1050 1130,1052 1128,1054 1128,1055 1126,1057 1125,1057 1124,1058 912,1058 911,1059 699,1059 698,1060 643,1060 614,1089 613,1089 608,1094 607,1094 602,1099 601,1099 598,1102 597,1102 596,1103 137,1075 196,1011 197,1011 198,1010 398,1010 465,1007 517,1028" />
        <TextEquiv>
          <Unicode>to any place against his will.</Unicode>
        </TextEquiv>
      </TextLine>
      <TextLine id="2853">
        <Coords points="841,1150 847,1150 848,1151 850,1151 852,1153 853,1153 854,1154 855,1154 856,1155 1072,1155 1114,1197 1149,1197 1149,1200 1147,1202 1147,1203 1146,1203 1145,1204 1145,1207 1144,1208 1144,1209 1143,1210 1143,1212 1136,1219 1135,1219 1133,1221 1132,1221 1131,1222 1109,1222 1108,1223 1108,1228 1014,1228 1013,1229 987,1229 986,1230 957,1230 956,1231 896,1231 876,1251 875,1251 874,1252 873,1252 872,1253 871,1253 851,1233 804,1233 803,1232 802,1232 801,1231 800,1231 799,1230 798,1230 797,1229 797,1228 796,1227 796,1182 795,1181 823,1169 825,1167 825,1166 828,1163 828,1162 830,1160 830,1159 837,1152 838,1152 839,1151 840,1151" />
        <TextEquiv>
          <Unicode>Exposition</Unicode>
        </TextEquiv>
      </TextLine>
      <TextLine id="2854">
        <Coords points="195,1301 385,1319 391,1325 715,1325 719,1329 1128,1329 1141,1342 1251,1342 1255,1346 1460,1346 1461,1347 1462,1347 1463,1348 1480,1348 1481,1349 1481,1351 1480,1352 1480,1355 1478,1357 1477,1357 1476,1358 1476,1359 1475,1360 1475,1361 1474,1362 1474,1365 1473,1366 1473,1367 1472,1368 1472,1369 1471,1370 1471,1372 1469,1374 1469,1376 1468,1377 1468,1379 1467,1380 1467,1381 1466,1382 1466,1384 1463,1387 1463,1388 1462,1389 1462,1391 1461,1392 1461,1393 1460,1394 1460,1395 1459,1396 1459,1398 1458,1399 1458,1400 1457,1401 1457,1403 1456,1404 1456,1405 1454,1407 1454,1409 1453,1410 1453,1411 1452,1412 1452,1423 1449,1423 1448,1424 1447,1424 1445,1426 1444,1426 1443,1427 1360,1427 985,1432 216,1432 215,1431 156,1431" />
        <TextEquiv>
          <Unicode>[(A) Lawful cause] See Tit: [Justifications]</Unicode>
        </TextEquiv>
      </TextLine>
      <TextLine id="2855">
        <Coords points="1017,1432 1022,1432 1022,1454 1021,1454 1021,1467 1020,1467 1020,1470 1136,1470 1136,1469 1167,1469 1167,1468 1194,1468 1194,1467 1199,1467 1199,1466 1205,1466 1205,1465 1210,1465 1210,1464 1216,1464 1216,1463 1221,1463 1221,1462 1227,1462 1227,1461 1232,1461 1232,1460 1238,1460 1238,1459 1243,1459 1243,1458 1248,1458 1248,1457 1254,1457 1254,1456 1259,1456 1259,1455 1265,1455 1265,1454 1270,1454 1270,1453 1276,1453 1276,1452 1281,1452 1281,1451 1287,1451 1287,1450 1292,1450 1292,1449 1297,1449 1297,1448 1315,1448 1315,1449 1326,1449 1326,1450 1336,1450 1336,1451 1347,1451 1347,1452 1357,1452 1357,1453 1368,1453 1368,1454 1378,1454 1378,1455 1380,1455 1380,1456 1381,1456 1381,1457 1383,1457 1383,1458 1384,1458 1384,1459 1386,1459 1386,1460 1387,1460 1387,1461 1390,1461 1390,1463 1391,1463 1391,1464 1392,1464 1392,1465 1393,1465 1393,1466 1394,1466 1394,1467 1395,1467 1395,1468 1396,1468 1396,1470 1397,1470 1397,1471 1398,1471 1398,1472 1399,1472 1399,1473 1400,1473 1400,1474 1401,1474 1401,1475 1402,1475 1402,1476 1403,1476 1403,1478 1404,1478 1404,1479 1405,1479 1405,1480 1406,1480 1406,1481 1407,1481 1407,1482 1408,1482 1408,1483 1409,1483 1409,1484 1410,1484 1410,1497 1409,1497 1409,1499 1408,1499 1408,1501 1407,1501 1407,1502 1405,1502 1405,1503 1404,1503 1404,1504 1403,1504 1403,1505 1402,1505 1402,1506 1401,1506 1401,1507 1400,1507 1400,1508 1399,1508 1399,1509 1398,1509 1398,1510 1397,1510 1397,1511 1396,1511 1396,1512 1395,1512 1395,1513 1394,1513 1394,1514 1392,1514 1392,1515 1391,1515 1391,1516 1390,1516 1390,1517 1389,1517 1389,1518 1388,1518 1388,1519 1387,1519 1387,1520 1386,1520 1386,1521 1385,1521 1385,1522 1384,1522 1384,1523 1383,1523 1383,1524 1382,1524 1382,1525 1381,1525 1381,1526 1380,1526 1380,1527 1277,1527 1277,1528 1273,1528 1273,1529 1269,1529 1269,1530 1264,1530 1264,1531 1260,1531 1260,1532 1256,1532 1256,1533 1252,1533 1252,1534 1241,1534 1241,1535 1228,1535 1228,1536 1227,1536 1227,1537 1215,1537 1215,1538 1152,1538 1152,1537 1122,1537 1122,1536 1116,1536 1116,1535 1111,1535 1111,1534 1107,1534 1107,1533 1104,1533 1104,1532 1092,1532 1092,1531 1089,1531 1089,1530 1087,1530 1087,1529 1085,1529 1085,1528 1083,1528 1083,1527 1081,1527 1081,1526 1079,1526 1079,1525 1077,1525 1077,1524 1075,1524 1075,1523 1074,1523 1074,1522 1073,1522 1073,1521 1071,1521 1071,1520 1070,1520 1070,1519 1069,1519 1069,1518 1068,1518 1068,1517 1066,1517 1066,1516 1064,1516 1064,1515 1062,1515 1062,1496 1061,1496 1061,1492 997,1492 997,1491 995,1491 995,1490 993,1490 993,1489 991,1489 991,1488 990,1488 990,1487 988,1487 988,1486 987,1486 987,1485 985,1485 985,1484 984,1484 984,1483 982,1483 982,1482 981,1482 981,1449 982,1449 982,1447 983,1447 983,1445 984,1445 984,1444 985,1444 985,1442 986,1442 986,1440 987,1440 987,1439 991,1439 991,1438 995,1438 995,1437 1000,1437 1000,1436 1004,1436 1004,1435 1008,1435 1008,1434 1013,1434 1013,1433 1017,1433" />
        <TextEquiv>
          <Unicode>2 Co-offenders</Unicode>
        </TextEquiv>
      </TextLine>
      <TextLine id="2856">
        <Coords points="1752,1515 1760,1523 1780,1523 1780,1525 1779,1525 1777,1527 1776,1527 1774,1529 1774,1530 1773,1531 1773,1532 1770,1535 1770,1538 1769,1539 1769,1541 1768,1542 1768,1543 1767,1544 1767,1549 1766,1550 1766,1554 1765,1555 1765,1558 1764,1559 1764,1564 1763,1565 1763,1588 1762,1588 1761,1589 1742,1589 1733,1598 1732,1598 1723,1607 1036,1607 161,1608 190,1487 918,1490 1057,1527 1232,1541 1441,1521" />
        <TextEquiv>
          <Unicode>[(B) Concerned] See Tit: [Of Associates in Delinquency ]</Unicode>
        </TextEquiv>
      </TextLine>
      <TextLine id="2857">
        <Coords points="970,1614 1021,1624 1005,1677 960,1674 971,1622" />
        <TextEquiv>
          <Unicode>3</Unicode>
        </TextEquiv>
      </TextLine>
      <TextLine id="2858">
        <Coords points="161,1653 188,1653 190,1655 221,1655 221,1657 222,1658 576,1658 585,1667 599,1667 603,1671 667,1671 675,1679 687,1679 693,1685 1725,1685 1726,1686 1728,1686 1730,1688 1732,1688 1733,1689 1734,1689 1748,1703 1811,1703 1826,1718 1836,1718 1837,1719 1839,1719 1842,1722 1843,1722 1846,1725 1847,1725 1847,1726 1846,1727 1846,1738 1845,1739 1845,1740 1839,1746 1838,1746 1837,1747 1835,1747 1834,1748 1829,1748 1828,1749 1817,1749 1816,1750 1815,1750 1814,1751 1813,1751 1812,1752 1811,1752 1810,1753 1749,1753 1748,1754 1748,1775 1747,1775 1746,1776 1658,1776 1657,1775 1640,1775 1639,1774 1629,1774 1628,1773 1595,1773 1594,1772 1572,1772 1571,1771 1558,1771 1557,1770 1547,1770 1536,1759 155,1770" />
        <TextEquiv>
          <Unicode>[(C) Confining] 1. It matters not whether he were carried to</Unicode>
        </TextEquiv>
      </TextLine>
      <TextLine id="2859">
        <Coords points="178,1858 305,1858 307,1860 761,1860 764,1863 1824,1863 1825,1864 1827,1864 1828,1865 1829,1865 1831,1867 1832,1867 1834,1869 1835,1869 1853,1887 1863,1887 1864,1888 1865,1888 1866,1889 1868,1889 1869,1890 1870,1890 1873,1893 1873,1894 1874,1895 1874,1896 1875,1897 1875,1900 1876,1901 1876,1905 1875,1906 1875,1907 1874,1908 1874,1909 1873,1910 1873,1911 1870,1914 1865,1914 1864,1915 1704,1970 1032,1959 1030,1961 1029,1961 1028,1962 1027,1962 1026,1963 1025,1963 1024,1964 1023,1964 1001,1942 704,1942 694,1932 458,1932 457,1931 457,1929 456,1928 255,1928 240,1913 188,1913 186,1911 173,1911 173,1909 172,1908" />
        <TextEquiv>
          <Unicode>the place of his confinement against his will or only made</Unicode>
        </TextEquiv>
      </TextLine>
      <TextLine id="2860">
        <Coords points="173,2029 421,2029 424,2032 438,2032 441,2035 1030,2035 1036,2041 1359,2041 1364,2046 1432,2046 1434,2048 1595,2048 1598,2051 1610,2051 1611,2052 1713,2052 1742,2081 1781,2081 1785,2085 1789,2085 1790,2086 1792,2086 1796,2090 1796,2122 1447,2140 585,2132 580,2137 577,2137 559,2119 301,2119 290,2108 229,2108 228,2107 222,2107 205,2090 171,2090 170,2089 170,2043 162,2035 162,2032 161,2031 161,2030" />
        <TextEquiv>
          <Unicode>to stay there against his will; as by locking the door</Unicode>
        </TextEquiv>
      </TextLine>
      <TextLine id="2861">
        <Coords points="1457,2207 1456,2208 1456,2217 1455,2218 1455,2219 1454,2220 1454,2267 1452,2269 216,2270 201,2285 200,2285 199,2286 173,2286 165,2294 164,2294 163,2293 163,2252 185,2211 233,2227 237,2223 238,2223 239,2222 362,2192 729,2206 730,2205 730,2204 732,2202 732,2201 733,2200" />
        <TextEquiv>
          <Unicode>upon him when he wishes to come out.</Unicode>
        </TextEquiv>
      </TextLine>
      <TextLine id="2862">
        <Coords points="504,2406 507,2406 520,2419 1029,2419 1033,2423 1093,2423 1094,2424 1110,2424 1111,2425 1478,2425 1493,2440 1723,2440 1751,2468 1753,2468 1754,2469 1758,2469 1759,2470 1761,2470 1762,2471 1763,2471 1764,2472 1765,2472 1766,2473 1766,2474 1767,2475 1767,2476 1768,2477 1768,2483 1767,2484 1767,2485 1765,2487 1765,2488 1760,2493 1759,2493 1758,2494 1757,2494 1756,2495 1754,2495 1753,2496 1751,2496 1750,2497 1743,2497 1742,2498 1386,2498 1371,2513 1370,2513 1369,2514 1367,2514 1366,2515 1365,2514 1364,2514 1334,2484 1325,2484 1324,2483 1260,2483 1259,2482 1236,2482 1235,2481 1216,2481 1215,2480 1198,2480 1197,2479 1197,2478 1196,2477 1136,2477 1132,2473 988,2473 984,2469 807,2469 805,2467 741,2467 740,2466 463,2466 457,2460 341,2460 341,2458 342,2457 342,2456 346,2452 346,2430 347,2429 347,2426 349,2424 349,2423 351,2421 352,2421 353,2420 355,2420 356,2419 360,2419 361,2418 491,2418 501,2408 502,2408" />
        <TextEquiv>
          <Unicode>2. It matters not whether the confinement be</Unicode>
        </TextEquiv>
      </TextLine>
      <TextLine id="2863">
        <Coords points="207,2585 209,2585 217,2593 349,2593 350,2594 485,2594 486,2595 600,2595 608,2603 675,2603 676,2604 676,2605 677,2606 902,2606 905,2609 1004,2609 1010,2615 1163,2615 1171,2623 1282,2623 1286,2627 1792,2627 1794,2629 1858,2629 1879,2650 1880,2650 1881,2651 1885,2651 1886,2652 1886,2653 1887,2654 1887,2655 1886,2656 1886,2658 1885,2659 1885,2662 1884,2663 1884,2666 1883,2667 1883,2669 1880,2672 1880,2673 1879,2674 1879,2676 1877,2676 1876,2677 1876,2680 1867,2680 1866,2681 1214,2681 1207,2688 1206,2688 1204,2690 170,2691 179,2595 180,2594 180,2593 185,2588 185,2587 187,2585 187,2584 190,2581 190,2580 192,2578 192,2577 203,2591 203,2590 205,2588 205,2587" />
        <TextEquiv>
          <Unicode>brought about by applications to external bodies or to the</Unicode>
        </TextEquiv>
      </TextLine>
      <TextLine id="2864">
        <Coords points="301,2767 302,2768 303,2768 304,2769 724,2769 725,2770 1755,2770 1756,2771 1756,2778 1804,2826 1828,2826 1828,2828 1827,2829 1827,2830 1825,2832 1814,2832 1813,2833 1813,2836 1811,2836 1810,2837 1802,2837 1801,2838 1769,2838 1767,2840 1766,2840 1765,2841 1764,2841 1763,2842 1710,2842 1695,2857 1693,2857 1692,2858 1507,2858 1505,2860 148,2852 177,2747" />
        <TextEquiv>
          <Unicode>persons of the sufferer. A man may be confined for</Unicode>
        </TextEquiv>
      </TextLine>
      <TextLine id="2865">
        <Coords points="619,2952 632,2965 715,2965 718,2968 858,2968 859,2969 860,2969 861,2970 878,2970 884,2976 990,2976 992,2978 1170,2978 1171,2979 1471,2979 1472,2980 1881,2980 1881,2991 1880,2992 1880,2994 1869,3005 1868,3005 1864,3009 1864,3010 1861,3013 1861,3014 1859,3016 1859,3034 1858,3035 1857,3035 1855,3037 1854,3037 1852,3039 1851,3039 1846,3044 1846,3045 1845,3046 1844,3046 1843,3047 1843,3048 1842,3049 1842,3050 1839,3053 1839,3054 1835,3058 1835,3059 1823,3071 1822,3071 1820,3073 1818,3073 1817,3074 1816,3074 1815,3073 1814,3073 1811,3070 1229,3070 1219,3060 1114,3060 1113,3059 1112,3059 1111,3058 1110,3058 1102,3050 733,3050 732,3049 729,3049 728,3048 727,3048 722,3043 509,3043 482,3016 406,3016 405,3015 214,3015 211,3012 190,3012 188,2935" />
        <TextEquiv>
          <Unicode>instance by having the door of a yard, of a house, or of</Unicode>
        </TextEquiv>
      </TextLine>
      <TextLine id="2866">
        <Coords points="326,3141 327,3141 335,3149 1389,3149 1395,3155 1571,3155 1575,3159 1591,3159 1595,3163 1624,3163 1625,3164 1705,3164 1723,3182 1785,3182 1786,3183 1789,3183 1790,3184 1791,3184 1793,3186 1793,3189 1794,3190 1794,3195 1792,3197 1792,3198 1789,3201 1789,3202 1783,3208 1782,3208 1781,3209 1779,3209 1778,3210 1775,3210 1774,3211 1773,3211 1772,3212 1767,3212 1766,3213 1482,3213 1477,3218 1477,3219 1469,3227 1468,3227 1465,3230 1464,3230 1463,3231 1462,3231 1461,3232 1460,3232 1459,3233 1458,3233 1456,3235 1455,3235 1454,3236 1451,3236 1450,3237 1447,3237 1446,3238 1278,3238 1276,3240 1275,3240 1273,3242 758,3242 753,3247 752,3247 750,3249 749,3249 748,3250 744,3250 700,3206 657,3206 655,3204 511,3204 510,3203 484,3203 483,3202 455,3202 454,3201 368,3201 365,3198 327,3198 326,3197 193,3197 192,3196 191,3196 190,3195 190,3194 191,3193 191,3192 194,3189 194,3188 195,3187 195,3186 199,3182 200,3182 202,3180 203,3180 204,3179 206,3179 207,3178 288,3178 324,3142 325,3142" />
        <TextEquiv>
          <Unicode>a chamber shut against him; or by being tied to a</Unicode>
        </TextEquiv>
      </TextLine>
      <TextLine id="2867">
        <Coords points="508,3320 510,3320 511,3321 511,3329 512,3330 622,3330 624,3332 830,3332 832,3334 1708,3334 1741,3367 1754,3367 1755,3368 1756,3368 1760,3372 1837,3372 1838,3373 1840,3373 1843,3376 1850,3376 1858,3384 1869,3384 1873,3388 1873,3389 1871,3391 1871,3396 1870,3397 721,3397 718,3400 718,3401 713,3406 712,3406 708,3410 707,3410 705,3412 704,3412 703,3413 702,3413 701,3414 700,3414 699,3415 698,3415 696,3417 694,3417 693,3418 684,3418 682,3416 679,3416 678,3415 677,3415 676,3414 675,3414 670,3409 503,3409 486,3392 359,3392 347,3380 325,3380 324,3379 320,3379 318,3377 189,3377 189,3375 192,3372 193,3372 198,3367 199,3367 201,3365 203,3365 204,3364 205,3364 207,3362 208,3362 211,3359 212,3359 220,3351 231,3351 238,3344 242,3344 250,3336 251,3336 253,3334 254,3334 257,3331 258,3331 262,3327 263,3327 264,3326 313,3326 316,3323 317,3323 318,3322 319,3322 320,3321 507,3321" />
        <TextEquiv>
          <Unicode>stake; or by being tied neck and heels in such man=足</Unicode>
        </TextEquiv>
      </TextLine>
      <TextLine id="2868">
        <Coords points="412,3505 414,3505 416,3507 570,3507 570,3508 578,3516 1754,3516 1792,3554 1801,3554 1802,3555 1818,3555 1819,3556 1820,3556 1820,3563 1821,3564 1847,3564 1849,3566 1849,3568 1847,3570 1847,3574 1846,3575 1695,3575 1679,3591 1678,3591 1672,3597 1432,3597 1431,3598 1430,3598 1429,3599 1427,3599 1425,3597 1425,3593 1424,3592 1231,3592 1217,3578 1185,3578 1184,3577 1183,3577 1180,3574 1150,3574 1148,3572 1067,3572 1066,3571 1025,3571 1024,3570 1022,3570 1021,3569 1020,3569 1019,3568 1008,3568 1007,3567 811,3567 809,3565 752,3565 751,3564 734,3564 733,3563 691,3563 690,3562 666,3562 665,3561 636,3561 635,3560 456,3560 453,3557 294,3557 293,3556 219,3556 217,3554 183,3554 183,3551 184,3550 184,3548 185,3547 185,3546 187,3544 187,3540 188,3539 188,3534 190,3532 369,3532 371,3530 371,3529 379,3521 379,3520 384,3515 384,3514 387,3511 387,3510 390,3507 409,3507 410,3506 411,3506" />
        <TextEquiv>
          <Unicode>足:ner that he cannot move. The place of his confine=足</Unicode>
        </TextEquiv>
      </TextLine>
      <TextLine id="2869">
        <Coords points="397,3691 398,3692 399,3692 403,3696 691,3696 692,3697 778,3697 779,3698 1508,3698 1511,3701 1862,3701 1863,3702 1864,3702 1865,3703 1866,3703 1868,3705 1869,3705 1878,3714 1878,3715 1881,3718 1881,3719 1882,3720 1882,3722 1883,3723 1883,3724 1884,3725 1884,3738 1883,3739 1883,3740 1882,3741 1882,3744 1881,3745 1881,3746 1879,3748 1879,3749 1878,3750 1878,3751 1875,3754 1875,3755 1874,3756 1873,3756 1869,3760 1868,3760 1867,3761 1865,3761 1864,3762 1862,3762 1861,3763 1835,3763 1834,3764 1819,3764 1818,3765 1763,3765 1762,3766 1762,3770 1760,3772 1760,3773 1758,3775 1758,3776 1756,3778 1755,3778 1753,3780 176,3780 176,3748 190,3734 190,3731 191,3730 191,3729 192,3728 192,3720 193,3719 193,3718 194,3718 195,3717 370,3717 395,3692 396,3692" />
        <TextEquiv>
          <Unicode>足:ment is an inclosed spot in some of these cases, and</Unicode>
        </TextEquiv>
      </TextLine>
      <TextLine id="2870">
        <Coords points="1900,3857 1901,3858 1901,3873 1902,3874 1902,3879 1890,3879 1889,3880 1852,3938 1458,3964 318,3965 188,3927 189,3926 189,3920 191,3918 191,3917 194,3914 194,3913 196,3911 196,3910 199,3907 199,3906 216,3889 216,3878 218,3876 234,3876 240,3870 449,3870 456,3863 743,3863 745,3861 1896,3861" />
        <TextEquiv>
          <Unicode>it may be an uninclosed spot in some of the others.</Unicode>
        </TextEquiv>
      </TextLine>
      <TextLine id="2871">
        <Coords points="1750,3980 1788,3951 1801,3951 1867,3950 1895,3941 1898,3951 1901,3961 1901,3962 1904,3977 1901,3984 1892,3991 1882,3995 1871,4000 1864,4001 1848,4002 1840,4002 1801,4000 1768,4000" />
        <TextEquiv>
          <Unicode>3. It</Unicode>
        </TextEquiv>
      </TextLine>
    </TextRegion>
  </Page>
</PcGts>