2731 4096
577 265 1332 403 Of Extenuations
234 397 1969 604 respect: or towards whom he is in the habit of obedience.
195 540 911 686 Such persons may be
195 702 1969 877 1. A Parent or other progenitor: especially during the
198 874 628 990 minority.
1514 932 1914 1034 Marriage
247 993 1892 1125 2. A Husband: especially during the <gap/> .
237 1110 1947 1246 3. A Guardian: especially during the Wardship.
227 1243 1808 1357 4 A Master: especially during the Service.
212 1361 1509 1509 5. A Judge: especially <gap/> the >>> <gap/>
243 1546 1931 1672 5 A Judge: especially within the local compass
263 1674 974 1802 of his Jurisdiction.
305 1856 1899 2008 Such influence is of the nature of compulsion.
422 2029 1973 2162 In such case the extenuation is the more forcible
318 2168 895 2265 in proportion to
250 2333 1798 2459 1. The simplicity and weakness of the Inferior.
266 2471 1865 2564 2. The dependence he is under to the Superior.
258 2602 1844 2724 3. The force with which the influence is exerted.
263 2738 1962 2869 4. The apparent slightness of the offence to which
328 2832 795 2944 he is urged.
