2731 4096
421 208 1446 377 Of Family Imposture.
315 446 1029 545 Extenuations Excuses are
232 632 1863 788 1. Where the Offender meant to continue the imposition no longer
184 860 1821 983 than for a limited time for the sake of a particular purpose.
384 1066 1888 1239 In such case, if it be for the sake of fraudulently obtain=­
172 1267 1905 1394 ­:ing a Sum of money or any article of property the value of which
174 1472 1867 1595 extends not beyond a certain sum of Money, the Offender in lieu
177 1654 1894 1783 of other punishment may be punished as for sharping to that
180 1862 437 1927 amount.
776 1922 1274 2022 Observations.
524 2121 1885 2274 There are some cases of Family Imposture which are
182 2362 1889 2499 possible, but which seem scarce worth making a separate provisi=­
180 2568 1884 2679 ­:on for. Such is the case of a man's personating the husband of a
188 2752 1905 2848 woman for instance in the Masquerade, or in the dark, or if she
190 2936 1858 3063 be blind, at any time, for the purpose of debauching her.
191 3118 1881 3266 Such an attempt were it to miscarry would do no harm,
194 3326 1916 3422 and if it succeeds it is punishable on the part of the impostor
186 3502 1905 3631 as adultery, though on the part of the woman it would be in=­
1672 3664 1924 3731 Extenuation
171 3715 1916 3829 ­:nocent. Such a case comes manifestly under the above Excuse.
194 3868 1919 4005 It may be punished as Adultery; but it is hardly so injurious
1818 3982 1912 4030 as
