<?xml version='1.0' encoding='utf-8'?>
<PcGts xmlns="http://schema.primaresearch.org/PAGE/gts/pagecontent/2013-07-15" xmlns:xsi="http://www.w3.org/2001/XMLSchema-instance" xsi:schemaLocation="http://schema.primaresearch.org/PAGE/gts/pagecontent/2013-07-15 http://schema.primaresearch.org/PAGE/gts/pagecontent/2013-07-15/pagecontent.xsd">
  <Metadata>
    <Creator>UPV-PRHLT</Creator>
    <Created>2013-03-08T05:03:58</Created>
    <LastChange>2015-12-14T11:11:37</LastChange>
  </Metadata>
  <Page imageFilename="071_187_001.jpg" imageHeight="4096" imageWidth="2731">
    <TextRegion id="t1">
      <Coords points="576,265 1167,252 1180,400 550,413 595,260" />
      <TextLine id="4679">
        <Coords points="703,394 623,396 582,376 603,308 648,287 707,266 732,287 735,289 785,301 787,301 869,299 891,299 901,300 1053,307 1101,305 1105,305 1130,328 1133,332 1144,366 1137,371 1028,392 1014,392 876,383 871,387 826,399 826,400 794,383 789,382 732,382 707,392" />
        <TextEquiv>
          <Unicode>Forgery</Unicode>
        </TextEquiv>
      </TextLine>
    </TextRegion>
    <TextRegion id="t2">
      <Coords points="160,478 1897,441 1945,1254 1893,1323 1947,1832 1891,2006 1934,2117 1910,2339 1934,2704 169,2695 154,478" />
      <TextLine id="4680">
        <Coords points="654,508 656,508 663,515 1014,515 1015,516 1074,516 1075,517 1076,517 1091,532 1139,532 1140,533 1141,533 1144,536 1144,537 1145,538 1145,543 1144,544 1144,547 1143,548 1143,550 1133,605 1057,576 1056,577 1030,577 1029,578 982,578 980,580 979,580 977,582 773,582 741,614 740,614 739,615 734,615 699,580 559,580 558,579 557,579 554,576 554,575 553,574 553,570 552,569 552,566 553,565 553,562 554,561 554,560 555,559 555,558 556,558 557,557 605,557" />
        <TextEquiv>
          <Unicode>Analytical View.</Unicode>
        </TextEquiv>
      </TextLine>
      <TextLine id="4681">
        <Coords points="810,737 757,741 717,735 714,737 685,741 653,741 632,751 610,789 580,794 578,792 583,757 575,744 503,751 439,755 441,716 451,698 483,691 551,698 616,705 676,689 700,671 742,692 766,691 767,691 789,685 828,696 835,708 812,733" />
        <TextEquiv>
          <Unicode>With regard to</Unicode>
        </TextEquiv>
      </TextLine>
      <TextLine id="4682">
        <Coords points="657,851 630,821 621,789 626,760 637,748 657,737 694,744 728,742 767,762 841,774 841,775 971,778 1005,785 1007,764 1016,757 1069,757 1125,758 1126,791 1164,744 1171,775 1216,785 1235,762 1235,760 1258,746 1275,746 1298,749 1300,750 1312,767 1339,766 1351,758 1373,744 1385,750 1394,767 1455,767 1475,764 1498,737 1528,739 1530,758 1521,774 1526,775 1558,762 1589,751 1605,735 1628,741 1635,744 1648,751 1666,760 1689,742 1728,735 1746,735 1760,757 1782,766 1817,758 1846,758 1864,776 1842,794 1792,812 1716,832 1687,830 1676,798 1676,794 1642,798 1605,830 1557,825 1528,814 1526,814 1492,837 1424,824 1414,823 1396,819 1353,819 978,805 937,807 785,842 669,851" />
        <TextEquiv>
          <Unicode>Forgery committed in the view of subjecting or</Unicode>
        </TextEquiv>
      </TextLine>
      <TextLine id="4683">
        <Coords points="1840,914 1843,914 1856,927 1859,927 1892,944 1863,950 1862,951 1862,952 1857,957 1856,957 1854,959 1852,959 1851,960 1850,960 1847,963 1845,963 1844,964 1843,964 1842,965 1841,965 1840,966 1833,966 1832,967 1785,967 1758,994 1693,994 1687,1012 1611,995 1584,1022 1583,1022 1582,1023 661,1023 660,1024 658,1024 628,994 298,994 296,992 286,992 285,991 271,991 269,989 246,989 245,988 204,988 203,987 201,987 201,984 202,983 202,982 204,980 204,979 205,978 205,977 210,972 211,972 212,971 242,971 262,951 293,951 294,950 693,950 695,948 696,948 697,947 727,947 730,944 1565,944 1580,929 1635,924 1683,958 1771,907 1797,929 1800,926 1828,926" />
        <TextEquiv>
          <Unicode>with intent to subject a person to any personal Injury, if it</Unicode>
        </TextEquiv>
      </TextLine>
      <TextLine id="4684">
        <Coords points="517,1135 442,1130 451,1091 473,1069 501,1073 503,1075 514,1125 528,1107 583,1075 639,1075 649,1073 664,1073 707,1076 717,1078 917,1083 948,1083 1035,1091 1035,1089 1087,1075 1150,1058 1158,1060 1176,1091 1166,1117 1010,1125 974,1137 971,1135 933,1132 928,1132 819,1125 810,1125 739,1130 653,1137 623,1128 616,1130 592,1137 519,1137" />
        <TextEquiv>
          <Unicode>it starts as an aggravation</Unicode>
        </TextEquiv>
      </TextLine>
      <TextLine id="4685">
        <Coords points="373,1200 187,1185 183,1166 216,1142 235,1146 237,1146 341,1151 374,1132 380,1132 410,1142 432,1153 458,1157 482,1130 500,1146 528,1150 582,1139 617,1135 635,1139 642,1160 691,1148 717,1151 767,1125 799,1130 800,1130 832,1141 835,1139 875,1128 905,1139 917,1139 964,1135 982,1148 1058,1139 1192,1125 1410,1101 1444,1123 1473,1146 1478,1146 1691,1132 1723,1094 1808,1092 1835,1148 1807,1166 1632,1176 1610,1176 1480,1191 1478,1192 1432,1217 1408,1217 1348,1187 1339,1187 1321,1203 1314,1210 1269,1221 1258,1219 1255,1217 1187,1182 1185,1182 1017,1183 942,1194 712,1214 582,1212 553,1192 550,1192 501,1182 464,1189 439,1234 394,1217 382,1208" />
        <TextEquiv>
          <Unicode>succeeds, ^ is only a particular method of being concerned in</Unicode>
        </TextEquiv>
      </TextLine>
      <TextLine id="4686">
        <Coords points="1607,1218 1609,1218 1621,1230 1870,1230 1886,1246 1894,1246 1897,1249 1901,1249 1902,1250 1903,1250 1905,1252 1914,1252 1916,1254 1917,1254 1918,1255 1920,1255 1921,1256 1923,1256 1924,1257 1925,1257 1925,1258 1923,1260 1906,1260 1905,1261 1904,1261 1903,1262 1854,1262 1853,1263 1852,1263 1851,1264 1764,1264 1763,1265 1762,1265 1761,1266 1729,1266 1705,1298 1691,1276 1676,1291 1675,1291 1672,1294 1671,1294 1670,1295 1553,1295 1552,1296 1340,1296 1335,1301 996,1301 992,1305 976,1289 768,1289 767,1288 767,1270 766,1269 798,1263 816,1245 817,1245 818,1244 819,1244 820,1243 824,1243 825,1242 1460,1242 1475,1227 1476,1227 1477,1226 1478,1226 1479,1225 1480,1225 1481,1224 1482,1224 1483,1223 1487,1223 1488,1222 1603,1222" />
        <TextEquiv>
          <Unicode>and &lt;gap/&gt; operates as an ground of aggravation</Unicode>
        </TextEquiv>
      </TextLine>
      <TextLine id="4687">
        <Coords points="1646,1305 1648,1305 1653,1310 1708,1310 1718,1320 1784,1320 1788,1324 1825,1324 1829,1328 1863,1328 1867,1332 1884,1332 1884,1344 1885,1345 1885,1346 1801,1346 1800,1347 1753,1347 1752,1348 1750,1348 1749,1349 1662,1349 1661,1350 1552,1350 1551,1351 1549,1351 1548,1352 1526,1352 1525,1353 1505,1353 1504,1354 1399,1354 1397,1356 1396,1356 1395,1357 1393,1357 1392,1358 1333,1358 1326,1365 1219,1365 1218,1366 1086,1366 1085,1367 1020,1367 995,1392 908,1392 904,1396 903,1396 902,1397 806,1397 794,1409 788,1409 784,1405 548,1407 492,1378 311,1405 281,1375 216,1375 215,1374 187,1374 186,1373 186,1371 192,1365 192,1347 196,1343 196,1342 214,1324 214,1323 216,1321 217,1321 218,1320 366,1320 367,1319 464,1324 498,1362 598,1314 797,1319 801,1315 802,1315 803,1314 1531,1314 1534,1311 1535,1311 1537,1309 1538,1309 1539,1308 1545,1308 1546,1307 1644,1307" />
        <TextEquiv>
          <Unicode>the infliction of that Injury: if it does not succeed it stands u=</Unicode>
        </TextEquiv>
      </TextLine>
      <TextLine id="4688">
        <Coords points="1808,1488 1810,1488 1811,1489 1838,1489 1845,1496 1882,1492 1887,1503 1899,1505 1905,1507 1912,1524 1863,1523 1862,1524 1862,1525 1861,1526 1861,1527 1857,1531 1857,1532 1856,1533 1856,1534 1855,1535 1854,1535 1853,1536 1810,1536 1809,1537 1795,1537 1794,1538 1792,1538 1791,1539 1785,1539 1761,1563 1760,1563 1759,1564 1537,1564 1531,1570 1530,1570 1529,1571 1528,1571 1527,1572 964,1572 954,1582 666,1582 655,1593 654,1593 649,1598 648,1598 647,1599 430,1599 426,1603 425,1603 421,1607 420,1607 419,1608 417,1608 395,1586 201,1586 201,1582 202,1581 202,1579 204,1577 204,1576 207,1573 207,1572 209,1570 209,1569 213,1565 213,1564 215,1562 215,1561 217,1559 217,1557 218,1556 218,1555 220,1553 220,1552 222,1550 222,1548 223,1547 223,1546 224,1545 224,1540 228,1536 228,1535 230,1533 230,1532 232,1530 232,1529 233,1528 233,1526 235,1524 364,1524 369,1519 469,1519 472,1516 1230,1516 1241,1505 1790,1505 1806,1489 1807,1489" />
        <TextEquiv>
          <Unicode>:pon the footing of an attempt: to wit an attempt to inflict</Unicode>
        </TextEquiv>
      </TextLine>
      <TextLine id="4689">
        <Coords points="285,1783 192,1782 183,1762 219,1710 221,1710 258,1717 267,1717 307,1710 335,1737 371,1708 408,1700 448,1707 453,1732 462,1753 498,1742 591,1741 592,1741 639,1733 653,1707 678,1703 712,1730 714,1730 730,1742 732,1739 773,1714 846,1703 855,1703 885,1705 912,1732 933,1732 967,1724 969,1725 1016,1726 1050,1726 1108,1717 1176,1712 1253,1696 1355,1680 1407,1692 1414,1696 1439,1703 1519,1671 1533,1701 1544,1701 1664,1694 1685,1694 1735,1674 1735,1675 1746,1707 1750,1710 1782,1717 1808,1726 1810,1726 1810,1742 1746,1735 1573,1753 1539,1776 1535,1776 1401,1796 1389,1796 1383,1794 1178,1766 1167,1762 1048,1751 908,1760 898,1762 730,1769 557,1783 476,1807 471,1771 469,1771 426,1782 382,1826 371,1791 307,1785 282,1783" />
        <TextEquiv>
          <Unicode>that Injury: and stands as an an ground of aggravation</Unicode>
        </TextEquiv>
      </TextLine>
      <TextLine id="4690">
        <Coords points="344,1864 283,1862 264,1875 233,1873 210,1842 219,1816 262,1798 351,1794 367,1798 387,1832 423,1807 450,1805 466,1839 492,1814 521,1801 596,1783 607,1785 692,1773 812,1769 828,1782 819,1794 775,1801 753,1825 725,1839 703,1826 698,1826 517,1841 455,1844 367,1866" />
        <TextEquiv>
          <Unicode>applied to such attempts.</Unicode>
        </TextEquiv>
      </TextLine>
      <TextLine id="4691">
        <Coords points="701,1869 694,1857 700,1839 712,1833 735,1839 760,1816 798,1796 833,1798 871,1783 983,1782 1030,1787 1053,1798 1057,1805 1080,1835 1100,1837 1105,1808 1162,1814 1155,1841 1114,1869 1085,1869 1064,1862 1062,1862 996,1869 991,1869 721,1866" />
        <TextEquiv>
          <Unicode>Main-Text</Unicode>
        </TextEquiv>
      </TextLine>
      <TextLine id="4692">
        <Coords points="557,2087 487,2080 476,2051 498,2030 464,2032 457,2010 500,1989 541,1992 548,1992 628,2008 633,2005 674,1992 680,1992 707,2005 714,2005 771,2032 782,2033 783,2033 855,2042 857,2042 923,2021 932,2019 982,2017 1067,2026 1094,2032 1132,2025 1242,2026 1253,2028 1307,2035 1323,2035 1335,2037 1348,2037 1417,2030 1426,2030 1505,2042 1544,2060 1548,2057 1574,2042 1621,2042 1666,2051 1675,2051 1703,2046 1705,2042 1730,2030 1730,2060 1785,2053 1814,2055 1851,2019 1876,2028 1876,2053 1885,2055 1912,2073 1900,2096 1833,2092 1812,2117 1810,2117 1791,2112 1771,2094 1760,2094 1741,2085 1708,2098 1562,2098 1467,2100 1383,2110 1355,2125 1350,2125 1330,2108 1330,2107 1299,2094 1274,2094 1275,2094 1025,2083 1023,2083 862,2080 821,2080 775,2116 737,2100 735,2100 708,2112 683,2087 655,2082 641,2082 589,2080 550,2087" />
        <TextEquiv>
          <Unicode>For forgery with intent to subject a Man to suffer</Unicode>
        </TextEquiv>
      </TextLine>
      <TextLine id="4693">
        <Coords points="1571,2194 1539,2176 1539,2144 1557,2116 1582,2105 1624,2103 1625,2103 1653,2121 1662,2128 1660,2150 1658,2151 1614,2191 1580,2196" />
        <TextEquiv>
          <Unicode>(B)</Unicode>
        </TextEquiv>
      </TextLine>
      <TextLine id="4694">
        <Coords points="955,2139 960,2139 960,2140 962,2140 962,2141 964,2141 964,2142 966,2142 966,2143 968,2143 968,2144 970,2144 970,2145 972,2145 972,2146 974,2146 974,2147 976,2147 976,2148 978,2148 978,2149 980,2149 980,2150 982,2150 982,2151 984,2151 984,2152 986,2152 986,2153 988,2153 988,2154 990,2154 990,2155 991,2155 991,2166 1144,2166 1144,2165 1147,2165 1147,2164 1149,2164 1149,2163 1152,2163 1152,2162 1154,2162 1154,2161 1157,2161 1157,2160 1159,2160 1159,2159 1162,2159 1162,2158 1165,2158 1165,2157 1167,2157 1167,2156 1170,2156 1170,2155 1172,2155 1172,2154 1175,2154 1175,2153 1177,2153 1177,2152 1180,2152 1180,2151 1182,2151 1182,2150 1182,2156 1183,2156 1183,2160 1287,2160 1287,2159 1291,2159 1291,2158 1295,2158 1295,2157 1298,2157 1298,2156 1302,2156 1302,2155 1306,2155 1306,2154 1310,2154 1310,2153 1313,2153 1313,2152 1317,2152 1317,2151 1321,2151 1321,2150 1325,2150 1325,2149 1328,2149 1328,2148 1442,2148 1442,2149 1449,2149 1449,2150 1455,2150 1455,2151 1461,2151 1461,2152 1467,2152 1467,2153 1473,2153 1473,2154 1479,2154 1479,2155 1485,2155 1485,2156 1489,2156 1489,2157 1493,2157 1493,2158 1498,2158 1498,2159 1501,2159 1501,2160 1503,2160 1503,2161 1506,2161 1506,2162 1508,2162 1508,2163 1510,2163 1510,2164 1513,2164 1513,2165 1515,2165 1515,2166 1518,2166 1518,2167 1520,2167 1520,2168 1522,2168 1522,2169 1525,2169 1525,2170 1527,2170 1527,2171 1632,2171 1632,2170 1633,2170 1633,2169 1634,2169 1634,2168 1635,2168 1635,2167 1638,2167 1638,2166 1640,2166 1640,2165 1642,2165 1642,2164 1644,2164 1644,2163 1647,2163 1647,2162 1649,2162 1649,2161 1651,2161 1651,2160 1653,2160 1653,2159 1656,2159 1656,2158 1658,2158 1658,2157 1660,2157 1660,2156 1662,2156 1662,2155 1662,2156 1672,2156 1672,2157 1681,2157 1681,2158 1691,2158 1691,2160 1692,2160 1692,2161 1693,2161 1693,2162 1694,2162 1694,2163 1695,2163 1695,2164 1696,2164 1696,2165 1697,2165 1697,2167 1698,2167 1698,2168 1699,2168 1699,2169 1700,2169 1700,2170 1701,2170 1701,2171 1702,2171 1702,2172 1703,2172 1703,2173 1704,2173 1704,2175 1705,2175 1705,2176 1706,2176 1706,2177 1707,2177 1707,2178 1708,2178 1708,2179 1709,2179 1709,2180 1710,2180 1710,2181 1711,2181 1711,2183 1712,2183 1712,2184 1713,2184 1713,2185 1714,2185 1714,2186 1715,2186 1715,2187 1716,2187 1716,2188 1717,2188 1717,2189 1718,2189 1718,2197 1719,2197 1719,2205 1720,2205 1720,2212 1721,2212 1720,2212 1720,2214 1719,2214 1719,2216 1718,2216 1718,2218 1717,2218 1717,2220 1716,2220 1716,2222 1715,2222 1715,2224 1714,2224 1714,2226 1713,2226 1713,2227 1712,2227 1712,2229 1711,2229 1711,2231 1710,2231 1710,2233 1709,2233 1709,2235 1708,2235 1708,2237 1707,2237 1707,2239 1706,2239 1706,2240 1703,2240 1703,2241 1701,2241 1701,2242 1699,2242 1699,2243 1696,2243 1696,2244 1694,2244 1694,2245 1692,2245 1692,2246 1690,2246 1690,2247 1687,2247 1687,2248 1685,2248 1685,2249 1683,2249 1683,2250 1681,2250 1681,2251 1681,2250 1677,2250 1677,2249 1673,2249 1673,2248 1669,2248 1669,2247 1665,2247 1665,2246 1661,2246 1661,2245 1658,2245 1658,2243 1652,2243 1652,2242 1646,2242 1646,2241 1640,2241 1640,2240 1635,2240 1635,2239 1629,2239 1629,2238 1623,2238 1623,2237 1618,2237 1618,2235 1617,2235 1617,2233 1616,2233 1616,2232 1615,2232 1615,2230 1614,2230 1614,2228 1613,2228 1613,2227 1612,2227 1612,2225 1510,2225 1510,2226 1506,2226 1506,2227 1503,2227 1503,2228 1447,2228 1447,2229 1445,2229 1445,2230 1443,2230 1443,2231 1441,2231 1441,2232 1439,2232 1439,2233 1437,2233 1437,2234 1435,2234 1435,2235 1433,2235 1433,2236 1432,2236 1432,2237 1432,2236 1429,2236 1429,2235 1427,2235 1427,2234 1425,2234 1425,2233 1423,2233 1423,2232 1420,2232 1420,2231 1418,2231 1418,2230 1416,2230 1416,2229 1414,2229 1414,2228 1411,2228 1411,2227 1409,2227 1409,2226 1407,2226 1407,2225 1405,2225 1405,2224 1402,2224 1402,2223 1400,2223 1400,2222 1398,2222 1398,2221 1396,2221 1396,2220 1391,2220 1391,2219 1386,2219 1386,2218 1381,2218 1381,2217 1376,2217 1376,2216 1371,2216 1371,2215 1260,2215 1260,2216 1196,2216 1196,2217 1147,2217 1147,2218 1098,2218 1098,2219 1095,2219 1095,2220 1093,2220 1093,2221 1090,2221 1090,2222 1088,2222 1088,2223 1087,2223 1087,2227 1082,2227 1082,2228 1076,2228 1076,2223 991,2223 991,2222 965,2222 965,2221 938,2221 938,2220 911,2220 911,2219 885,2219 885,2169 887,2169 887,2168 888,2168 888,2167 889,2167 889,2166 890,2166 890,2165 891,2165 891,2164 893,2164 893,2163 894,2163 894,2162 895,2162 895,2161 896,2161 896,2160 897,2160 897,2159 898,2159 898,2158 900,2158 900,2157 901,2157 901,2156 902,2156 902,2155 903,2155 903,2154 904,2154 904,2153 905,2153 905,2152 907,2152 907,2151 908,2151 908,2150 909,2150 909,2149 910,2149 910,2148 911,2148 911,2147 912,2147 912,2146 919,2146 919,2145 925,2145 925,2144 931,2144 931,2143 937,2143 937,2142 943,2142 943,2141 949,2141 949,2140 955,2140" />
        <TextEquiv>
          <Unicode>(A) simple mental Injury (C)</Unicode>
        </TextEquiv>
      </TextLine>
      <TextLine id="4695">
        <Coords points="843,2175 843,2176 845,2176 845,2177 847,2177 847,2178 849,2178 849,2179 851,2179 851,2180 853,2180 853,2181 854,2181 854,2182 856,2182 856,2183 858,2183 858,2184 859,2184 859,2185 861,2185 861,2186 863,2186 863,2187 864,2187 864,2192 865,2192 865,2197 866,2197 866,2202 867,2202 867,2207 868,2207 868,2212 869,2212 869,2217 870,2217 870,2221 871,2221 871,2222 874,2222 874,2223 877,2223 877,2224 880,2224 880,2225 882,2225 882,2226 885,2226 885,2227 888,2227 888,2228 890,2228 890,2229 893,2229 893,2230 896,2230 896,2231 899,2231 899,2232 1105,2232 1105,2231 1106,2231 1106,2230 1107,2230 1107,2229 1108,2229 1108,2228 1109,2228 1109,2226 1110,2226 1110,2225 1111,2225 1111,2224 1112,2224 1112,2223 1113,2223 1113,2222 1126,2222 1126,2221 1139,2221 1139,2220 1158,2220 1158,2219 1177,2219 1177,2218 1195,2218 1195,2217 1312,2217 1312,2216 1312,2217 1318,2217 1318,2218 1324,2218 1324,2219 1329,2219 1329,2220 1335,2220 1335,2221 1340,2221 1340,2222 1346,2222 1346,2223 1351,2223 1351,2224 1357,2224 1357,2225 1362,2225 1362,2227 1510,2227 1510,2226 1512,2226 1512,2225 1513,2225 1513,2224 1514,2224 1514,2225 1519,2225 1519,2226 1523,2226 1523,2227 1527,2227 1527,2228 1532,2228 1532,2229 1536,2229 1536,2230 1540,2230 1540,2231 1544,2231 1544,2232 1546,2232 1546,2233 1547,2233 1547,2234 1548,2234 1548,2235 1549,2235 1549,2236 1550,2236 1550,2237 1551,2237 1551,2238 1552,2238 1552,2239 1553,2239 1553,2240 1554,2240 1554,2241 1555,2241 1555,2242 1556,2242 1556,2243 1557,2243 1557,2244 1558,2244 1558,2245 1562,2245 1562,2246 1566,2246 1566,2247 1569,2247 1569,2248 1573,2248 1573,2249 1576,2249 1576,2250 1580,2250 1580,2251 1583,2251 1583,2252 1587,2252 1587,2253 1590,2253 1590,2254 1694,2254 1694,2253 1695,2253 1695,2252 1696,2252 1696,2251 1698,2251 1698,2250 1699,2250 1699,2249 1701,2249 1701,2248 1702,2248 1702,2247 1703,2247 1703,2246 1705,2246 1705,2245 1706,2245 1706,2244 1708,2244 1708,2243 1709,2243 1709,2242 1710,2242 1710,2241 1712,2241 1712,2240 1713,2240 1713,2239 1715,2239 1715,2238 1716,2238 1716,2237 1717,2237 1717,2236 1719,2236 1719,2235 1720,2235 1720,2234 1722,2234 1722,2233 1723,2233 1723,2232 1724,2232 1724,2231 1724,2232 1833,2232 1833,2231 1836,2231 1836,2230 1838,2230 1838,2229 1841,2229 1841,2228 1844,2228 1844,2227 1847,2227 1847,2226 1849,2226 1849,2225 1852,2225 1852,2224 1855,2224 1855,2223 1858,2223 1858,2222 1860,2222 1860,2221 1863,2221 1863,2220 1866,2220 1866,2219 1869,2219 1869,2218 1871,2218 1871,2217 1874,2217 1874,2216 1877,2216 1877,2215 1879,2215 1879,2214 1882,2214 1882,2213 1885,2213 1885,2212 1888,2212 1888,2211 1891,2211 1891,2210 1894,2210 1894,2209 1897,2209 1897,2208 1897,2243 1898,2243 1897,2243 1897,2256 1896,2256 1896,2269 1895,2269 1895,2282 1891,2282 1891,2283 1888,2283 1888,2284 1885,2284 1885,2285 1882,2285 1882,2286 1879,2286 1879,2287 1876,2287 1876,2288 1873,2288 1873,2289 1870,2289 1870,2290 1869,2290 1869,2292 1868,2292 1868,2293 1867,2293 1867,2294 1866,2294 1866,2295 1865,2295 1865,2297 1864,2297 1864,2298 1863,2298 1863,2299 1862,2299 1862,2300 1861,2300 1861,2301 1860,2301 1860,2303 1859,2303 1859,2304 1858,2304 1858,2305 1857,2305 1857,2306 1856,2306 1856,2307 1855,2307 1855,2309 1854,2309 1854,2310 1853,2310 1853,2311 1852,2311 1852,2312 1851,2312 1851,2313 1850,2313 1850,2315 1849,2315 1849,2316 1848,2316 1848,2317 1847,2317 1847,2318 1846,2318 1846,2319 1845,2319 1845,2321 1844,2321 1844,2322 1843,2322 1843,2323 1842,2323 1842,2324 1841,2324 1841,2325 1841,2324 1838,2324 1838,2323 1836,2323 1836,2322 1833,2322 1833,2321 1831,2321 1831,2320 1828,2320 1828,2319 1826,2319 1826,2318 1823,2318 1823,2317 1821,2317 1821,2291 1696,2291 1696,2292 1689,2292 1689,2293 1682,2293 1682,2294 1675,2294 1675,2295 1675,2294 1649,2294 1649,2293 1624,2293 1624,2292 1599,2292 1599,2291 1497,2291 1497,2292 1490,2292 1490,2293 1488,2293 1488,2294 1487,2294 1487,2295 1485,2295 1485,2296 1484,2296 1484,2297 1482,2297 1482,2298 1481,2298 1481,2299 1480,2299 1480,2300 1478,2300 1478,2301 1477,2301 1477,2302 1475,2302 1475,2303 1474,2303 1474,2304 1473,2304 1473,2305 1471,2305 1471,2306 1470,2306 1470,2307 1468,2307 1468,2308 1467,2308 1467,2309 1466,2309 1466,2310 1466,2309 1464,2309 1464,2308 1462,2308 1462,2307 1460,2307 1460,2306 1458,2306 1458,2305 1457,2305 1457,2304 1455,2304 1455,2303 1453,2303 1453,2302 1451,2302 1451,2301 1449,2301 1449,2300 1394,2300 1394,2299 1391,2299 1391,2298 1388,2298 1388,2297 1386,2297 1386,2296 1383,2296 1383,2295 1381,2295 1381,2294 1378,2294 1378,2293 1376,2293 1376,2292 1373,2292 1373,2291 1370,2291 1370,2290 1368,2290 1368,2289 1264,2289 1264,2290 1263,2290 1263,2292 1262,2292 1262,2293 1261,2293 1261,2294 1260,2294 1260,2295 1259,2295 1259,2296 1258,2296 1258,2297 1257,2297 1257,2299 1256,2299 1256,2300 1255,2300 1255,2301 1254,2301 1254,2302 1253,2302 1253,2303 1252,2303 1252,2304 1233,2304 1233,2277 1118,2277 1118,2276 1112,2276 1112,2275 1006,2275 1006,2282 1005,2282 1005,2283 1004,2283 1004,2284 1003,2284 1003,2285 1002,2285 1002,2286 1001,2286 1001,2287 1000,2287 1000,2288 999,2288 999,2289 998,2289 998,2290 997,2290 997,2291 996,2291 996,2292 995,2292 995,2293 994,2293 994,2294 993,2294 993,2295 992,2295 992,2296 991,2296 991,2297 990,2297 990,2298 989,2298 989,2299 988,2299 988,2300 987,2300 987,2301 982,2301 982,2302 979,2302 979,2301 976,2301 976,2300 970,2300 970,2299 964,2299 964,2298 898,2298 898,2297 893,2297 893,2296 889,2296 889,2295 885,2295 885,2294 828,2294 828,2293 821,2293 821,2292 815,2292 815,2291 809,2291 809,2283 808,2283 808,2275 807,2275 807,2268 806,2268 806,2267 785,2267 785,2266 764,2266 764,2265 733,2265 733,2264 702,2264 702,2263 598,2263 598,2264 577,2264 577,2265 556,2265 556,2266 484,2266 484,2267 482,2267 482,2268 480,2268 480,2269 478,2269 478,2270 478,2268 477,2268 477,2267 476,2267 476,2266 475,2266 475,2265 474,2265 474,2264 368,2264 368,2265 363,2265 363,2266 363,2265 362,2265 362,2264 361,2264 361,2263 360,2263 360,2262 359,2262 359,2261 358,2261 358,2260 357,2260 357,2259 356,2259 356,2258 355,2258 355,2257 354,2257 354,2256 353,2256 353,2255 352,2255 352,2254 224,2254 224,2253 218,2253 218,2252 212,2252 212,2251 206,2251 206,2250 200,2250 200,2231 205,2231 205,2230 209,2230 209,2229 213,2229 213,2228 217,2228 217,2227 221,2227 221,2226 225,2226 225,2225 229,2225 229,2224 269,2224 269,2223 271,2223 271,2222 273,2222 273,2221 275,2221 275,2220 277,2220 277,2219 279,2219 279,2218 281,2218 281,2217 283,2217 283,2216 285,2216 285,2215 288,2215 288,2214 290,2214 290,2213 292,2213 292,2212 294,2212 294,2211 296,2211 296,2210 298,2210 298,2209 300,2209 300,2208 302,2208 302,2207 304,2207 304,2206 306,2206 306,2204 309,2204 309,2203 311,2203 311,2202 313,2202 313,2201 315,2201 315,2200 317,2200 317,2199 320,2199 320,2198 322,2198 322,2197 324,2197 324,2196 326,2196 326,2195 328,2195 328,2194 331,2194 331,2193 333,2193 333,2192 335,2192 335,2191 337,2191 337,2190 339,2190 339,2189 343,2189 343,2192 344,2192 344,2194 345,2194 345,2196 346,2196 346,2197 404,2197 404,2198 514,2198 514,2197 515,2197 515,2196 516,2196 516,2195 516,2197 517,2197 517,2198 518,2198 518,2199 519,2199 519,2200 520,2200 520,2201 521,2201 521,2202 522,2202 522,2203 523,2203 523,2204 524,2204 524,2205 525,2205 525,2228 682,2228 682,2227 684,2227 684,2226 686,2226 686,2225 688,2225 688,2224 689,2224 689,2223 691,2223 691,2222 693,2222 693,2221 695,2221 695,2220 696,2220 696,2219 698,2219 698,2218 700,2218 700,2217 702,2217 702,2216 703,2216 703,2215 705,2215 705,2214 707,2214 707,2213 708,2213 708,2212 710,2212 710,2211 712,2211 712,2210 714,2210 714,2209 715,2209 715,2208 717,2208 717,2207 719,2207 719,2206 721,2206 721,2205 722,2205 722,2204 724,2204 724,2203 726,2203 726,2202 727,2202 727,2201 791,2201 791,2200 792,2200 792,2199 793,2199 793,2198 794,2198 794,2197 795,2197 795,2196 796,2196 796,2195 797,2195 797,2194 798,2194 798,2193 799,2193 799,2192 800,2192 800,2191 801,2191 801,2190 802,2190 802,2189 803,2189 803,2188 804,2188 804,2187 805,2187 805,2186 806,2186 806,2185 807,2185 807,2184 808,2184 808,2183 813,2183 813,2182 817,2182 817,2181 822,2181 822,2180 826,2180 826,2179 830,2179 830,2178 835,2178 835,2177 839,2177 839,2176 843,2176" />
        <TextEquiv>
          <Unicode>a simple personal Injury ^ or Unlawful Confinement the of=</Unicode>
        </TextEquiv>
      </TextLine>
      <TextLine id="4696">
        <Coords points="341,2281 331,2279 320,2285 306,2286 282,2290 272,2279 275,2262 302,2251 318,2248 335,2258 347,2262 370,2266 393,2260 414,2262 432,2258 460,2258 485,2267 486,2267 529,2254 550,2262 544,2285 504,2286 479,2281 477,2281 454,2283 393,2287 379,2281" />
        <TextEquiv>
          <Unicode>Banishment</Unicode>
        </TextEquiv>
      </TextLine>
      <TextLine id="4697">
        <Coords points="791,2268 791,2269 793,2269 793,2270 794,2270 794,2271 795,2271 795,2272 796,2272 796,2273 797,2273 797,2274 798,2274 798,2275 800,2275 800,2276 801,2276 801,2277 802,2277 802,2278 803,2278 803,2279 804,2279 804,2280 805,2280 805,2281 806,2281 806,2284 807,2284 807,2285 831,2285 831,2286 837,2286 837,2287 843,2287 843,2288 848,2288 848,2289 854,2289 854,2290 860,2290 860,2291 865,2291 865,2292 871,2292 871,2293 1011,2293 1011,2292 1013,2292 1013,2291 1014,2291 1014,2290 1016,2290 1016,2289 1018,2289 1018,2288 1019,2288 1019,2287 1021,2287 1021,2286 1023,2286 1023,2285 1024,2285 1024,2284 1026,2284 1026,2283 1027,2283 1027,2282 1029,2282 1029,2281 1031,2281 1031,2280 1032,2280 1032,2279 1034,2279 1034,2278 1036,2278 1036,2277 1037,2277 1037,2276 1039,2276 1039,2275 1040,2275 1040,2274 1040,2275 1047,2275 1047,2276 1054,2276 1054,2277 1061,2277 1061,2278 1068,2278 1068,2279 1075,2279 1075,2280 1079,2280 1079,2281 1083,2281 1083,2282 1087,2282 1087,2283 1090,2283 1090,2284 1094,2284 1094,2285 1098,2285 1098,2286 1102,2286 1102,2287 1105,2287 1105,2288 1109,2288 1109,2289 1113,2289 1113,2290 1117,2290 1117,2291 1120,2291 1120,2292 1134,2292 1134,2293 1147,2293 1147,2294 1160,2294 1160,2295 1271,2295 1271,2294 1272,2294 1272,2293 1285,2293 1285,2292 1298,2292 1298,2291 1310,2291 1310,2290 1310,2291 1314,2291 1314,2292 1317,2292 1317,2293 1419,2293 1419,2292 1420,2292 1420,2291 1422,2291 1422,2290 1424,2290 1424,2289 1426,2289 1426,2288 1427,2288 1427,2287 1427,2288 1431,2288 1431,2289 1434,2289 1434,2290 1437,2290 1437,2291 1441,2291 1441,2292 1444,2292 1444,2293 1447,2293 1447,2294 1449,2294 1449,2295 1450,2295 1450,2296 1451,2296 1451,2297 1452,2297 1452,2298 1453,2298 1453,2299 1454,2299 1454,2300 1455,2300 1455,2301 1456,2301 1456,2302 1457,2302 1457,2303 1458,2303 1458,2304 1459,2304 1459,2305 1460,2305 1460,2306 1461,2306 1461,2307 1462,2307 1462,2308 1463,2308 1463,2309 1464,2309 1464,2310 1465,2310 1465,2311 1466,2311 1466,2312 1467,2312 1467,2313 1472,2313 1472,2314 1476,2314 1476,2315 1481,2315 1481,2316 1485,2316 1485,2317 1489,2317 1489,2318 1494,2318 1494,2319 1498,2319 1498,2320 1502,2320 1500,2320 1500,2321 1498,2321 1498,2322 1496,2322 1496,2323 1495,2323 1495,2324 1493,2324 1493,2325 1491,2325 1491,2326 1490,2326 1490,2327 1458,2327 1458,2328 1456,2328 1456,2329 1454,2329 1454,2330 1452,2330 1452,2333 1428,2333 1428,2334 1404,2334 1404,2335 1347,2335 1347,2336 1346,2336 1346,2337 1345,2337 1345,2338 1344,2338 1344,2339 1343,2339 1343,2340 1342,2340 1342,2341 1341,2341 1341,2342 1340,2342 1340,2343 1339,2343 1339,2344 1339,2343 1335,2343 1335,2342 1332,2342 1332,2341 1329,2341 1329,2340 1326,2340 1326,2339 1266,2339 1266,2338 1255,2338 1255,2337 1125,2337 1125,2338 1121,2338 1121,2339 1118,2339 1118,2340 985,2340 985,2341 984,2341 984,2342 983,2342 983,2343 982,2343 982,2344 981,2344 981,2345 980,2345 980,2346 979,2346 979,2347 978,2347 978,2348 977,2348 977,2350 976,2350 976,2351 975,2351 975,2352 974,2352 974,2353 973,2353 973,2354 972,2354 972,2355 971,2355 971,2356 970,2356 970,2357 969,2357 969,2358 968,2358 968,2359 967,2359 967,2361 966,2361 966,2362 965,2362 965,2363 964,2363 964,2364 963,2364 963,2365 962,2365 962,2366 961,2366 961,2367 960,2367 960,2368 959,2368 959,2369 958,2369 958,2370 958,2366 957,2366 957,2363 956,2363 956,2360 955,2360 955,2356 954,2356 954,2353 953,2353 953,2350 952,2350 952,2346 951,2346 951,2343 950,2343 950,2340 878,2340 878,2339 825,2339 825,2338 808,2338 808,2337 792,2337 792,2336 776,2336 776,2335 760,2335 760,2334 640,2334 640,2335 638,2335 638,2336 636,2336 636,2337 636,2336 572,2336 572,2333 470,2333 470,2334 468,2334 468,2335 465,2335 465,2336 463,2336 463,2337 461,2337 461,2338 459,2338 459,2339 459,2338 451,2338 451,2337 444,2337 444,2336 437,2336 437,2335 435,2335 435,2334 434,2334 434,2333 381,2333 381,2332 378,2332 378,2331 375,2331 375,2330 372,2330 372,2329 370,2329 370,2328 367,2328 367,2327 364,2327 364,2326 362,2326 362,2325 359,2325 359,2324 356,2324 356,2323 353,2323 353,2322 351,2322 351,2321 348,2321 348,2320 294,2320 294,2319 277,2319 277,2318 260,2318 260,2317 258,2317 258,2316 257,2316 257,2315 255,2315 255,2314 254,2314 254,2313 225,2313 225,2312 222,2312 222,2311 220,2311 220,2310 217,2310 217,2309 215,2309 215,2308 212,2308 212,2307 210,2307 210,2306 208,2306 209,2306 209,2286 213,2286 213,2285 216,2285 216,2284 219,2284 219,2283 222,2283 222,2282 225,2282 225,2281 225,2282 230,2282 230,2283 335,2283 335,2282 335,2283 343,2283 343,2284 350,2284 350,2285 357,2285 357,2286 364,2286 364,2287 473,2287 473,2286 475,2286 475,2285 478,2285 478,2284 481,2284 481,2283 484,2283 484,2282 486,2282 486,2281 486,2282 488,2282 488,2283 489,2283 489,2284 490,2284 490,2285 595,2285 595,2284 603,2284 603,2283 612,2283 612,2282 620,2282 620,2281 628,2281 628,2280 636,2280 636,2279 670,2279 670,2278 704,2278 704,2277 714,2277 714,2276 724,2276 724,2275 733,2275 733,2274 743,2274 743,2273 753,2273 753,2272 762,2272 762,2271 772,2271 772,2270 782,2270 782,2269 791,2269" />
        <TextEquiv>
          <Unicode>or other injury to the liberty of loco-motion, the _</Unicode>
        </TextEquiv>
      </TextLine>
      <TextLine id="4698">
        <Coords points="381,2391 355,2389 350,2366 295,2367 232,2372 204,2360 204,2358 213,2331 258,2324 264,2324 304,2318 350,2328 379,2331 422,2324 452,2339 483,2340 487,2341 510,2340 550,2320 564,2314 572,2336 609,2340 614,2340 629,2339 664,2327 683,2341 706,2344 714,2344 754,2335 783,2343 790,2343 839,2347 854,2347 875,2345 877,2344 922,2314 939,2325 939,2347 947,2374 950,2375 972,2377 975,2375 987,2343 1004,2322 1029,2314 1047,2322 1081,2350 1098,2364 1108,2341 1122,2344 1144,2339 1160,2344 1185,2343 1244,2343 1298,2340 1304,2341 1343,2347 1386,2321 1400,2341 1436,2341 1475,2322 1493,2331 1513,2325 1514,2325 1544,2309 1586,2312 1614,2325 1617,2324 1689,2304 1701,2304 1764,2316 1804,2306 1829,2329 1854,2328 1863,2304 1881,2310 1897,2335 1897,2339 1881,2393 1879,2394 1848,2377 1837,2372 1833,2371 1732,2360 1700,2368 1695,2370 1656,2390 1645,2393 1641,2393 1616,2398 1612,2398 1593,2363 1585,2363 1540,2367 1504,2364 1501,2366 1458,2381 1445,2375 1448,2347 1433,2355 1404,2374 1401,2374 1282,2377 1274,2375 1205,2370 1194,2371 1182,2371 1141,2391 1136,2393 1106,2401 1105,2401 1104,2378 1101,2370 1070,2370 1005,2377 995,2378 956,2385 878,2383 862,2383 798,2397 772,2379 762,2378 632,2367 624,2368 512,2370 409,2379 385,2391" />
        <TextEquiv>
          <Unicode>extra-punishment may be the ignominious [and afflictive]</Unicode>
        </TextEquiv>
      </TextLine>
      <TextLine id="4699">
        <Coords points="1474,2421 1432,2418 1425,2402 1422,2381 1425,2360 1443,2348 1451,2372 1451,2379 1463,2382 1474,2377 1482,2364 1501,2359 1514,2362 1524,2372 1548,2362 1556,2364 1558,2390 1531,2416 1501,2424 1472,2422" />
        <TextEquiv>
          <Unicode>(D)</Unicode>
        </TextEquiv>
      </TextLine>
      <TextLine id="4700">
        <Coords points="347,2445 337,2447 236,2466 206,2456 195,2427 198,2406 254,2375 271,2404 275,2404 310,2397 313,2395 333,2386 339,2386 372,2402 404,2404 429,2404 460,2402 490,2406 490,2408 529,2428 544,2417 563,2417 583,2397 612,2389 624,2389 655,2391 668,2391 728,2389 740,2393 810,2410 814,2409 878,2395 893,2395 922,2408 928,2408 998,2389 1008,2389 1044,2385 1051,2389 1070,2412 1101,2435 1106,2432 1125,2417 1167,2412 1212,2400 1220,2397 1251,2378 1252,2378 1279,2381 1289,2386 1291,2389 1274,2422 1275,2424 1301,2417 1304,2416 1337,2390 1371,2398 1401,2398 1409,2405 1410,2406 1428,2425 1445,2427 1447,2427 1483,2424 1525,2420 1550,2406 1571,2425 1581,2425 1629,2420 1677,2424 1689,2425 1717,2425 1718,2424 1758,2398 1778,2421 1782,2421 1817,2402 1818,2402 1870,2418 1882,2418 1898,2447 1895,2467 1893,2467 1805,2460 1805,2462 1775,2489 1772,2489 1762,2467 1762,2466 1748,2458 1743,2458 1709,2462 1705,2462 1677,2472 1677,2478 1656,2498 1645,2501 1643,2500 1610,2474 1600,2472 1590,2472 1462,2462 1456,2463 1170,2460 1137,2485 1137,2486 1124,2477 1118,2451 1114,2450 1075,2447 972,2460 722,2451 506,2444 366,2440" />
        <TextEquiv>
          <Unicode>:fender &lt;gap/&gt; and above the ordinary Punishment may be pu=</Unicode>
        </TextEquiv>
      </TextLine>
      <TextLine id="4701">
        <Coords points="298,2545 287,2544 244,2547 241,2548 222,2559 221,2560 206,2568 202,2552 248,2489 328,2479 333,2479 409,2478 418,2479 501,2494 502,2495 516,2504 520,2508 540,2547 558,2541 560,2539 582,2513 586,2512 628,2493 633,2491 660,2486 714,2486 781,2467 793,2479 768,2502 777,2514 818,2506 845,2513 848,2514 875,2516 883,2509 883,2508 910,2495 921,2495 993,2531 994,2539 989,2555 978,2555 850,2551 760,2544 759,2544 621,2547 620,2548 574,2585 572,2585 562,2574 574,2550 559,2550 548,2552 524,2554 429,2544 417,2544 295,2547" />
        <TextEquiv>
          <Unicode>punishment of the iron pen.</Unicode>
        </TextEquiv>
      </TextLine>
      <TextLine id="4702">
        <Coords points="343,2639 333,2641 260,2651 222,2640 218,2637 205,2620 209,2600 212,2598 295,2575 298,2575 324,2578 368,2566 382,2566 464,2560 464,2562 490,2572 501,2578 502,2579 567,2605 628,2577 691,2575 833,2572 845,2575 882,2591 889,2591 925,2577 925,2575 963,2574 968,2575 1048,2583 1129,2602 1129,2601 1141,2562 1162,2572 1167,2577 1200,2583 1282,2589 1290,2585 1313,2568 1314,2568 1362,2593 1366,2593 1402,2600 1402,2594 1410,2572 1466,2562 1467,2560 1487,2590 1497,2593 1498,2597 1517,2591 1522,2581 1525,2578 1535,2568 1545,2566 1548,2564 1617,2548 1636,2548 1698,2555 1705,2559 1731,2617 1745,2600 1762,2577 1895,2559 1901,2560 1910,2578 1910,2625 1887,2658 1852,2654 1851,2652 1832,2633 1825,2635 1705,2636 1705,2637 1658,2666 1574,2654 1560,2637 1556,2637 1393,2639 1278,2639 1271,2641 1247,2658 1224,2644 1201,2644 1191,2643 1116,2628 1071,2637 1067,2639 950,2641 941,2643 808,2648 798,2654 782,2672 777,2674 759,2668 762,2637 637,2636 635,2636 536,2640 535,2641 470,2644 439,2666 420,2663 427,2636 425,2635 398,2632 354,2632" />
        <TextEquiv>
          <Unicode>:nished ignominiously, with the iron pen: See Tit. [Punishments.]</Unicode>
        </TextEquiv>
      </TextLine>
    </TextRegion>
    <TextRegion id="t3">
      <Coords points="178,2745 915,2723 1995,2830 1934,3606 1950,4006 193,4023 176,2745" />
      <TextLine id="4703">
        <Coords points="844,2738 846,2738 847,2739 848,2739 876,2767 969,2767 983,2781 1006,2781 1050,2763 1070,2790 1075,2805 1077,2807 1090,2807 1091,2808 1129,2795 1125,2818 1124,2829 1110,2833 1112,2833 1090,2827 1087,2827 1086,2828 934,2828 892,2870 891,2870 889,2872 888,2872 887,2873 886,2873 885,2874 882,2874 881,2875 880,2875 879,2874 878,2874 861,2857 834,2857 800,2823 788,2823 785,2820 785,2818 784,2817 784,2812 785,2811 785,2809 786,2808 786,2807 788,2805 788,2804 790,2802 790,2801 792,2799 792,2798 795,2795 795,2794 797,2792 797,2791 800,2788 800,2787 803,2784 803,2783 804,2782 804,2781 806,2779 806,2777 807,2776 807,2769 808,2768 808,2767 809,2766 809,2765 810,2764 810,2763 812,2761 812,2760 820,2752 820,2751 823,2748 823,2747 827,2743 828,2743 829,2742 831,2742 833,2740 834,2740 835,2739 843,2739" />
        <TextEquiv>
          <Unicode>Exposition</Unicode>
        </TextEquiv>
      </TextLine>
      <TextLine id="4704">
        <Coords points="266,2936 268,2936 270,2938 470,2938 471,2939 478,2939 488,2949 873,2949 886,2962 968,2962 973,2967 1292,2967 1308,2983 1473,2983 1483,2993 1913,2993 1914,2994 1915,2994 1916,2995 1917,2995 1919,2997 1923,2997 1923,3005 1921,3007 1921,3010 1920,3011 1920,3012 1919,3013 1918,3013 1917,3014 1916,3014 1914,3016 1913,3016 1912,3017 1904,3017 1902,3019 1859,3019 1858,3020 1789,3020 1788,3021 1785,3021 1784,3022 1782,3022 1781,3023 1778,3023 1777,3024 1776,3024 1775,3025 1748,3025 1747,3026 1708,3026 1707,3027 1661,3027 1660,3028 1658,3028 1657,3029 1654,3029 1653,3030 1618,3030 1616,3032 1615,3032 1611,3036 1610,3036 1609,3037 1323,3037 1322,3038 1321,3038 1319,3040 1318,3040 1317,3041 1316,3041 1315,3042 1314,3042 1313,3043 1308,3043 1307,3044 1306,3044 1305,3045 1072,3045 1071,3046 1070,3046 1069,3047 1067,3045 278,3045 277,3044 275,3044 274,3043 268,3043 267,3042 248,3042 247,3041 244,3041 243,3040 241,3040 240,3039 240,3037 243,3034 243,3033 244,3032 244,3029 245,3028 245,3027 246,3026 246,3025 247,3024 247,3022 248,3021 248,3018 249,3017 249,3016 250,3015 250,3014 251,3013 251,3011 252,3010 252,3009 253,3008 253,3003 254,3002 254,2997 255,2996 255,2988 256,2987 256,2985 257,2984 257,2979 258,2978 258,2973 259,2972 259,2969 260,2968 260,2963 261,2962 261,2957 262,2956 262,2951 263,2950 263,2946 264,2945 264,2939 265,2938 265,2937" />
        <TextEquiv>
          <Unicode>[(A) Personal Injury] As if you being a Minor, a man were</Unicode>
        </TextEquiv>
      </TextLine>
      <TextLine id="4705">
        <Coords points="325,3147 326,3147 328,3149 550,3149 556,3155 1249,3155 1257,3163 1501,3168 1818,3202 1814,3219 1835,3229 1783,3228 1472,3228 1446,3254 1444,3254 1443,3255 1442,3255 1441,3256 1437,3256 1424,3243 1083,3243 1082,3242 1081,3242 1077,3238 339,3238 338,3237 270,3237 238,3205 216,3205 216,3203 223,3196 202,3194 248,3157 315,3157" />
        <TextEquiv>
          <Unicode>to forge a Letter in the name of your Father, Guardian or</Unicode>
        </TextEquiv>
      </TextLine>
      <TextLine id="4706">
        <Coords points="268,3320 270,3320 290,3340 400,3340 404,3344 814,3344 823,3353 1161,3353 1163,3355 1838,3355 1857,3374 1892,3374 1893,3375 1894,3375 1898,3379 1898,3380 1899,3381 1899,3388 1898,3389 1898,3390 1893,3395 1893,3396 1892,3396 1891,3397 1889,3397 1887,3399 1885,3399 1884,3400 1879,3400 1878,3401 1867,3401 1866,3402 1764,3402 1763,3403 1607,3403 1606,3404 1605,3404 1604,3405 1422,3405 1413,3414 1412,3414 1409,3417 1201,3417 1200,3418 1200,3419 1198,3421 1197,3421 1193,3425 1192,3425 1191,3426 1190,3426 1188,3428 1186,3428 1185,3429 1184,3429 1183,3430 1182,3430 1181,3431 1179,3431 1178,3432 1175,3432 1174,3433 1172,3433 1171,3434 1161,3434 1160,3435 1159,3434 1153,3434 1151,3432 1147,3432 1146,3431 1145,3431 1129,3415 765,3415 753,3403 322,3403 301,3382 211,3382 210,3381 210,3380 209,3379 209,3375 210,3374 210,3372 211,3371 211,3370 213,3368 213,3365 215,3363 215,3362 217,3360 217,3359 219,3357 219,3356 220,3355 220,3354 222,3352 222,3351 231,3342 232,3342 234,3340 235,3340 238,3337 239,3337 241,3335 250,3335 259,3326 260,3326 262,3324 263,3324 264,3323 265,3323" />
        <TextEquiv>
          <Unicode>Preceptor to another person desiring that person to chastise</Unicode>
        </TextEquiv>
      </TextLine>
      <TextLine id="4707">
        <Coords points="274,3574 256,3578 250,3586 241,3602 237,3604 214,3610 213,3610 202,3597 212,3574 208,3554 227,3536 251,3536 262,3537 274,3537 305,3539 317,3539 354,3550 359,3550 385,3540 413,3540 422,3537 463,3508 464,3508 490,3509 500,3512 506,3512 535,3516 541,3517 577,3531 587,3532 595,3533 705,3537 716,3537 725,3533 767,3516 781,3545 821,3545 958,3550 968,3548 977,3547 1031,3518 1043,3518 1081,3537 1106,3537 1164,3550 1174,3555 1189,3555 1218,3540 1241,3541 1245,3543 1282,3554 1300,3554 1366,3536 1381,3520 1432,3532 1490,3551 1501,3547 1502,3545 1544,3543 1751,3547 1786,3539 1797,3536 1804,3535 1847,3510 1904,3517 1904,3518 1906,3556 1891,3568 1824,3571 1710,3585 1694,3585 1677,3578 1674,3578 1644,3579 1387,3600 1382,3602 1355,3614 1341,3589 1324,3590 1312,3591 1305,3591 1124,3597 1116,3597 1006,3604 1002,3608 986,3618 972,3618 945,3604 943,3602 790,3590 770,3590 744,3604 737,3608 709,3616 687,3616 666,3586 659,3585 547,3579 543,3581 479,3577 479,3578 451,3594 448,3595 422,3604 406,3577 341,3578 339,3579 331,3598" />
        <TextEquiv>
          <Unicode>you, as if it were for some offence. Or as if a Man were to</Unicode>
        </TextEquiv>
      </TextLine>
      <TextLine id="4708">
        <Coords points="1658,3578 1658,3579 1663,3579 1663,3580 1668,3580 1668,3581 1672,3581 1672,3582 1677,3582 1677,3583 1681,3583 1681,3584 1686,3584 1686,3585 1690,3585 1690,3589 1691,3589 1691,3592 1692,3592 1692,3595 1693,3595 1693,3598 1728,3598 1728,3599 1730,3599 1730,3600 1732,3600 1732,3601 1734,3601 1734,3602 1736,3602 1736,3604 1737,3604 1737,3605 1738,3605 1738,3607 1739,3607 1739,3608 1740,3608 1740,3610 1741,3610 1741,3611 1742,3611 1742,3613 1743,3613 1743,3614 1744,3614 1744,3615 1745,3615 1745,3617 1746,3617 1746,3618 1747,3618 1747,3620 1748,3620 1748,3621 1749,3621 1749,3623 1750,3623 1750,3624 1751,3624 1751,3625 1752,3625 1752,3626 1753,3626 1753,3627 1754,3627 1754,3628 1720,3628 1720,3629 1718,3629 1718,3630 1715,3630 1715,3631 1713,3631 1713,3632 1711,3632 1711,3633 1708,3633 1708,3634 1706,3634 1706,3635 1704,3635 1704,3636 1701,3636 1701,3637 1699,3637 1699,3638 1696,3638 1690,3629 1669,3636 1632,3665 1632,3666 1629,3666 1629,3667 1604,3667 1604,3666 1602,3666 1602,3665 1601,3665 1601,3664 1599,3664 1599,3663 1598,3663 1598,3662 1597,3662 1597,3661 1595,3661 1595,3660 1594,3660 1594,3659 1593,3659 1593,3658 1591,3658 1591,3657 1590,3657 1590,3656 1589,3656 1589,3648 1588,3648 1588,3643 1556,3643 1556,3642 1454,3642 1454,3643 1402,3643 1402,3642 1398,3642 1398,3641 1394,3641 1394,3640 1390,3640 1390,3639 1388,3639 1388,3638 1386,3638 1386,3637 1384,3637 1384,3636 1382,3636 1382,3635 1381,3635 1381,3634 1379,3634 1379,3633 1377,3633 1377,3632 1375,3632 1375,3631 1374,3631 1374,3629 1375,3629 1375,3627 1376,3627 1376,3625 1377,3625 1377,3624 1378,3624 1378,3622 1379,3622 1379,3621 1380,3621 1380,3619 1381,3619 1381,3617 1382,3617 1382,3616 1383,3616 1383,3614 1384,3614 1384,3613 1385,3613 1385,3611 1386,3611 1386,3610 1392,3610 1392,3609 1397,3609 1397,3608 1401,3608 1401,3607 1406,3607 1406,3606 1410,3606 1410,3605 1415,3605 1415,3604 1419,3604 1419,3603 1424,3603 1424,3602 1429,3602 1429,3601 1433,3601 1433,3600 1438,3600 1438,3599 1442,3599 1442,3598 1447,3598 1447,3597 1451,3597 1451,3596 1456,3596 1456,3595 1460,3595 1460,3594 1460,3595 1466,3595 1466,3596 1469,3596 1469,3597 1472,3597 1472,3598 1475,3598 1475,3599 1478,3599 1478,3600 1481,3600 1481,3601 1483,3601 1483,3602 1486,3602 1486,3603 1489,3603 1489,3604 1492,3604 1492,3605 1495,3605 1495,3606 1601,3606 1601,3605 1633,3605 1633,3591 1635,3591 1635,3590 1637,3590 1637,3589 1639,3589 1639,3588 1641,3588 1641,3587 1643,3587 1643,3586 1645,3586 1645,3585 1647,3585 1647,3584 1649,3584 1649,3583 1651,3583 1651,3582 1653,3582 1653,3581 1655,3581 1655,3580 1657,3580 1657,3579 1658,3579" />
        <TextEquiv>
          <Unicode>calumniating || or</Unicode>
        </TextEquiv>
      </TextLine>
      <TextLine id="4709">
        <Coords points="1714,3629 1714,3630 1717,3630 1717,3631 1719,3631 1719,3632 1721,3632 1721,3633 1723,3633 1723,3634 1725,3634 1725,3635 1727,3635 1727,3636 1729,3636 1729,3637 1731,3637 1731,3638 1733,3638 1733,3639 1735,3639 1735,3640 1737,3640 1737,3641 1739,3641 1739,3642 1741,3642 1741,3643 1743,3643 1743,3644 1745,3644 1745,3645 1747,3645 1747,3646 1749,3646 1747,3646 1747,3647 1745,3647 1745,3648 1743,3648 1743,3649 1741,3649 1741,3650 1740,3650 1740,3651 1738,3651 1738,3652 1736,3652 1736,3653 1734,3653 1734,3654 1733,3654 1733,3655 1731,3655 1731,3656 1729,3656 1729,3657 1727,3657 1727,3658 1725,3658 1725,3659 1724,3659 1724,3660 1722,3660 1722,3661 1720,3661 1720,3662 1718,3662 1718,3663 1717,3663 1717,3664 1715,3664 1715,3665 1713,3665 1713,3666 1711,3666 1711,3667 1709,3667 1709,3668 1708,3668 1708,3669 1706,3669 1706,3670 1704,3670 1704,3671 1702,3671 1702,3672 1701,3672 1701,3673 1699,3673 1699,3674 1697,3674 1697,3675 1695,3675 1695,3676 1694,3676 1694,3677 1692,3677 1692,3678 1690,3678 1690,3679 1688,3679 1688,3680 1686,3680 1686,3681 1685,3681 1685,3682 1683,3682 1683,3683 1681,3683 1681,3684 1679,3684 1679,3685 1678,3685 1678,3686 1676,3686 1676,3687 1674,3687 1674,3688 1672,3688 1672,3689 1670,3689 1670,3690 1669,3690 1669,3691 1667,3691 1667,3692 1665,3692 1665,3693 1663,3693 1663,3694 1662,3694 1662,3695 1660,3695 1660,3696 1658,3696 1658,3697 1656,3697 1656,3698 1655,3698 1655,3699 1653,3699 1653,3700 1651,3700 1651,3701 1649,3701 1649,3702 1647,3702 1647,3703 1646,3703 1646,3704 1644,3704 1644,3705 1642,3705 1642,3706 1640,3706 1640,3707 1639,3707 1639,3708 1637,3708 1637,3709 1635,3709 1635,3710 1633,3710 1633,3711 1631,3711 1631,3712 1630,3712 1630,3713 1628,3713 1628,3714 1626,3714 1626,3715 1624,3715 1624,3716 1623,3716 1623,3717 1621,3717 1621,3718 1619,3718 1619,3719 1617,3719 1617,3720 1616,3720 1616,3721 1616,3719 1615,3719 1615,3718 1504,3708 1418,3718 1418,3717 1416,3717 1416,3716 1414,3716 1414,3715 1412,3715 1412,3714 1410,3714 1410,3713 1408,3713 1408,3712 1406,3712 1406,3711 1404,3711 1404,3710 1402,3710 1402,3709 1400,3709 1400,3708 1398,3708 1398,3707 1396,3707 1396,3706 1395,3706 1395,3702 872,3702 872,3703 870,3703 870,3704 869,3704 869,3705 868,3705 868,3706 866,3706 866,3707 865,3707 865,3708 864,3708 864,3709 863,3709 863,3712 862,3712 862,3714 861,3714 861,3717 860,3717 860,3719 859,3719 859,3721 858,3721 858,3724 857,3724 857,3726 856,3726 856,3728 852,3728 852,3727 847,3727 847,3726 842,3726 842,3725 837,3725 837,3724 832,3724 832,3723 827,3723 827,3722 822,3722 822,3716 821,3716 821,3711 820,3711 820,3706 819,3706 819,3701 818,3701 818,3696 817,3696 817,3691 816,3691 816,3689 818,3689 818,3688 819,3688 819,3687 820,3687 820,3686 821,3686 821,3685 822,3685 822,3684 823,3684 823,3683 824,3683 824,3682 825,3682 825,3681 826,3681 826,3680 827,3680 827,3679 828,3679 828,3678 829,3678 829,3677 830,3677 830,3676 831,3676 831,3675 832,3675 832,3674 833,3674 833,3673 834,3673 834,3672 835,3672 835,3671 836,3671 836,3670 837,3670 837,3669 838,3669 838,3668 839,3668 839,3667 840,3667 840,3666 1243,3666 1243,3665 1260,3665 1260,3664 1297,3664 1297,3660 1298,3660 1298,3657 1299,3657 1299,3653 1300,3653 1300,3650 1301,3650 1301,3647 1304,3647 1304,3646 1307,3646 1307,3645 1309,3645 1309,3644 1312,3644 1312,3643 1314,3643 1314,3642 1317,3642 1317,3641 1319,3641 1319,3640 1322,3640 1322,3639 1324,3639 1324,3638 1327,3638 1327,3637 1329,3637 1329,3636 1591,3641 1633,3660 1664,3641 1697,3635 1697,3634 1700,3634 1700,3633 1704,3633 1704,3632 1707,3632 1707,3631 1711,3631 1711,3630 1714,3630" />
        <TextEquiv>
          <Unicode>of a letter ^ vilifying +</Unicode>
        </TextEquiv>
      </TextLine>
      <TextLine id="4710">
        <Coords points="493,3674 493,3676 494,3676 494,3677 495,3677 495,3679 496,3679 496,3680 497,3680 497,3681 498,3681 498,3683 499,3683 499,3684 500,3684 500,3685 501,3685 501,3687 502,3687 502,3688 503,3688 503,3690 504,3690 504,3691 505,3691 505,3692 506,3692 506,3694 507,3694 507,3695 508,3695 508,3696 509,3696 509,3698 510,3698 510,3699 511,3699 511,3700 512,3700 512,3701 517,3701 517,3702 522,3702 522,3703 527,3703 527,3704 532,3704 532,3705 663,3705 663,3704 665,3704 665,3703 667,3703 667,3702 736,3702 736,3701 740,3701 740,3700 740,3701 751,3701 751,3702 753,3702 753,3703 754,3703 754,3704 755,3704 755,3705 757,3705 757,3706 758,3706 758,3707 760,3707 760,3708 761,3708 761,3709 763,3709 763,3710 764,3710 764,3711 766,3711 766,3712 767,3712 767,3713 769,3713 769,3714 770,3714 770,3715 772,3715 772,3716 843,3725 874,3716 874,3715 876,3715 876,3714 877,3714 877,3713 878,3713 878,3712 880,3712 880,3711 881,3711 881,3710 882,3710 882,3709 882,3710 884,3710 884,3711 886,3711 886,3712 887,3712 887,3713 889,3713 889,3714 890,3714 890,3715 892,3715 892,3716 894,3716 894,3717 895,3717 895,3718 897,3718 897,3719 898,3719 898,3720 900,3720 900,3721 901,3721 901,3722 926,3722 926,3723 950,3723 950,3724 974,3724 974,3725 991,3725 991,3726 1023,3726 1023,3727 1055,3727 1055,3728 1087,3728 1087,3729 1213,3729 1213,3728 1224,3728 1224,3727 1234,3727 1234,3726 1244,3726 1244,3725 1255,3725 1255,3724 1265,3724 1265,3723 1275,3723 1275,3722 1285,3722 1285,3721 1288,3721 1288,3720 1290,3720 1290,3719 1292,3719 1292,3718 1294,3718 1294,3717 1296,3717 1296,3716 1298,3716 1298,3715 1300,3715 1300,3714 1302,3714 1302,3713 1304,3713 1304,3712 1306,3712 1306,3711 1308,3711 1308,3710 1311,3710 1311,3709 1313,3709 1313,3708 1315,3708 1315,3707 1317,3707 1317,3706 1319,3706 1319,3705 1321,3705 1321,3704 1323,3704 1323,3703 1325,3703 1325,3702 1327,3702 1327,3701 1329,3701 1329,3700 1331,3700 1331,3699 1333,3699 1333,3698 1333,3699 1340,3699 1340,3700 1346,3700 1346,3701 1353,3701 1353,3702 1359,3702 1359,3703 1366,3703 1366,3704 1375,3704 1375,3705 1377,3705 1377,3706 1378,3706 1378,3707 1379,3707 1379,3708 1380,3708 1380,3709 1381,3709 1381,3710 1382,3710 1382,3711 1383,3711 1383,3712 1384,3712 1384,3713 1385,3713 1385,3714 1386,3714 1386,3715 1387,3715 1387,3716 1389,3716 1389,3717 1390,3717 1390,3718 1391,3718 1391,3719 1493,3719 1493,3718 1498,3718 1498,3717 1503,3717 1503,3716 1508,3716 1508,3715 1513,3715 1513,3714 1517,3714 1517,3713 1520,3713 1520,3712 1522,3712 1522,3711 1524,3711 1524,3710 1526,3710 1526,3709 1528,3709 1528,3708 1530,3708 1530,3707 1532,3707 1532,3706 1534,3706 1534,3705 1536,3705 1536,3704 1538,3704 1538,3703 1540,3703 1540,3702 1540,3703 1543,3703 1543,3704 1546,3704 1546,3705 1549,3705 1549,3706 1654,3706 1654,3705 1656,3705 1656,3704 1657,3704 1657,3703 1659,3703 1659,3702 1660,3702 1660,3701 1662,3701 1662,3700 1663,3700 1663,3699 1664,3699 1664,3698 1664,3701 1665,3701 1665,3704 1666,3704 1666,3707 1667,3707 1667,3710 1668,3710 1668,3713 1669,3713 1669,3716 1670,3716 1670,3718 1677,3718 1677,3719 1692,3719 1692,3720 1801,3720 1801,3719 1802,3719 1802,3718 1803,3718 1803,3717 1804,3717 1804,3716 1806,3716 1806,3715 1807,3715 1807,3714 1808,3714 1808,3713 1809,3713 1809,3712 1810,3712 1810,3711 1811,3711 1811,3710 1813,3710 1813,3709 1814,3709 1814,3708 1815,3708 1815,3707 1816,3707 1816,3706 1817,3706 1817,3705 1818,3705 1818,3704 1820,3704 1820,3703 1821,3703 1821,3702 1822,3702 1822,3701 1823,3701 1823,3700 1824,3700 1824,3699 1825,3699 1825,3698 1827,3698 1827,3697 1828,3697 1828,3696 1829,3696 1829,3695 1830,3695 1830,3694 1831,3694 1831,3693 1832,3693 1832,3692 1833,3692 1833,3691 1833,3692 1841,3692 1841,3693 1849,3693 1849,3694 1857,3694 1857,3695 1865,3695 1865,3696 1873,3696 1873,3697 1881,3697 1881,3698 1889,3698 1889,3700 1890,3700 1890,3702 1891,3702 1891,3706 1892,3706 1892,3709 1893,3709 1893,3713 1894,3713 1894,3716 1895,3716 1895,3720 1896,3720 1896,3723 1897,3723 1897,3727 1898,3727 1898,3730 1899,3730 1899,3733 1900,3733 1899,3733 1899,3735 1898,3735 1898,3736 1897,3736 1897,3737 1896,3737 1896,3739 1895,3739 1895,3740 1894,3740 1894,3741 1893,3741 1893,3743 1892,3743 1892,3744 1891,3744 1891,3745 1890,3745 1890,3747 1889,3747 1889,3748 1888,3748 1888,3749 1887,3749 1887,3750 1881,3750 1881,3751 1875,3751 1875,3752 1866,3752 1866,3753 1857,3753 1857,3754 1848,3754 1848,3755 1839,3755 1839,3756 1830,3756 1830,3757 1822,3757 1822,3758 1813,3758 1813,3759 1804,3759 1804,3760 1795,3760 1795,3761 1786,3761 1786,3762 1778,3762 1778,3763 1774,3763 1774,3764 1770,3764 1770,3765 1766,3765 1766,3766 1758,3766 1758,3767 1714,3767 1714,3768 1670,3768 1670,3769 1627,3769 1627,3770 1624,3770 1624,3771 1622,3771 1622,3772 1620,3772 1620,3773 1619,3773 1619,3774 1618,3774 1618,3775 1617,3775 1617,3776 1616,3776 1616,3777 1615,3777 1615,3778 1613,3778 1613,3779 1612,3779 1612,3780 1611,3780 1611,3781 1610,3781 1610,3782 1609,3782 1609,3783 1608,3783 1608,3784 1606,3784 1606,3785 1605,3785 1605,3786 1604,3786 1604,3787 1603,3787 1603,3788 1602,3788 1602,3789 1601,3789 1601,3790 1600,3790 1600,3791 1600,3790 1594,3790 1594,3788 1593,3788 1593,3787 1592,3787 1592,3786 1591,3786 1591,3785 1590,3785 1590,3784 1589,3784 1589,3783 1588,3783 1588,3781 1587,3781 1587,3780 1586,3780 1586,3779 1585,3779 1585,3778 1584,3778 1584,3777 1583,3777 1583,3776 1582,3776 1582,3774 1581,3774 1581,3773 1580,3773 1580,3772 1579,3772 1579,3771 1578,3771 1578,3770 1577,3770 1577,3769 1576,3769 1576,3767 1575,3767 1575,3766 1574,3766 1574,3765 1462,3765 1462,3766 1431,3766 1431,3767 1401,3767 1401,3768 1370,3768 1370,3769 1340,3769 1340,3770 1339,3770 1339,3789 1337,3789 1337,3790 1335,3790 1335,3791 1333,3791 1333,3792 1331,3792 1331,3793 1329,3793 1329,3794 1328,3794 1328,3795 1326,3795 1326,3796 1324,3796 1324,3797 1322,3797 1322,3798 1320,3798 1320,3799 1318,3799 1318,3800 1317,3800 1317,3801 1315,3801 1315,3802 1313,3802 1313,3803 1311,3803 1311,3804 1309,3804 1309,3805 1308,3805 1308,3806 1308,3805 1304,3805 1304,3804 1300,3804 1300,3803 1297,3803 1297,3802 1294,3802 1294,3801 1291,3801 1291,3800 1288,3800 1288,3799 1284,3799 1284,3798 1281,3798 1281,3797 1278,3797 1278,3796 1275,3796 1275,3795 1272,3795 1272,3774 1039,3774 1039,3775 1035,3775 1035,3776 1032,3776 1032,3777 1028,3777 1028,3778 1025,3778 1025,3779 1021,3779 1021,3780 1018,3780 1018,3781 1014,3781 1014,3782 1011,3782 1011,3783 1007,3783 1007,3784 1004,3784 1004,3785 1000,3785 1000,3786 997,3786 997,3787 993,3787 993,3788 990,3788 990,3789 988,3789 988,3790 986,3790 986,3791 984,3791 984,3792 982,3792 982,3793 980,3793 980,3794 978,3794 978,3795 976,3795 976,3796 974,3796 974,3797 972,3797 972,3798 971,3798 971,3799 969,3799 969,3800 967,3800 967,3801 965,3801 965,3802 963,3802 963,3803 961,3803 961,3804 959,3804 959,3805 957,3805 957,3806 955,3806 955,3807 953,3807 953,3808 952,3808 952,3809 943,3809 943,3808 941,3808 941,3807 940,3807 940,3806 938,3806 938,3805 937,3805 937,3804 935,3804 935,3803 934,3803 934,3802 932,3802 932,3801 931,3801 931,3800 930,3800 930,3799 928,3799 928,3798 927,3798 927,3797 925,3797 925,3796 924,3796 924,3795 922,3795 922,3794 921,3794 921,3793 920,3793 920,3792 918,3792 918,3791 917,3791 917,3790 915,3790 915,3789 914,3789 914,3788 912,3788 912,3787 911,3787 911,3786 909,3786 909,3785 908,3785 908,3784 907,3784 907,3783 905,3783 905,3782 904,3782 904,3781 902,3781 902,3780 901,3780 901,3779 899,3779 899,3778 898,3778 898,3777 897,3777 897,3776 767,3776 767,3777 767,3776 747,3776 747,3775 638,3775 638,3776 637,3776 637,3777 636,3777 636,3778 634,3778 634,3779 633,3779 633,3780 632,3780 632,3781 631,3781 631,3782 629,3782 629,3783 628,3783 628,3784 627,3784 627,3785 625,3785 625,3786 624,3786 624,3787 623,3787 623,3788 622,3788 622,3789 620,3789 620,3790 619,3790 619,3791 618,3791 618,3792 616,3792 616,3793 615,3793 615,3794 614,3794 614,3795 613,3795 613,3796 611,3796 611,3797 610,3797 610,3798 609,3798 609,3799 607,3799 607,3800 606,3800 606,3801 605,3801 605,3802 604,3802 604,3803 602,3803 602,3804 601,3804 601,3805 600,3805 600,3806 598,3806 598,3807 597,3807 597,3808 596,3808 596,3809 595,3809 595,3810 595,3809 593,3809 593,3808 592,3808 592,3807 591,3807 591,3806 590,3806 590,3805 589,3805 589,3804 588,3804 588,3803 587,3803 587,3802 585,3802 585,3801 584,3801 584,3800 583,3800 583,3799 582,3799 582,3798 581,3798 581,3797 580,3797 580,3796 579,3796 579,3795 578,3795 578,3763 330,3763 330,3764 329,3764 329,3766 328,3766 328,3768 327,3768 327,3769 326,3769 326,3771 325,3771 325,3772 323,3772 323,3773 321,3773 321,3774 320,3774 320,3775 318,3775 318,3776 317,3776 317,3777 315,3777 315,3778 314,3778 314,3779 312,3779 312,3780 311,3780 311,3781 309,3781 309,3782 307,3782 307,3783 306,3783 306,3784 304,3784 304,3785 303,3785 303,3786 301,3786 301,3787 300,3787 300,3788 298,3788 298,3789 297,3789 297,3790 287,3790 287,3791 277,3791 277,3792 267,3792 267,3793 257,3793 257,3794 247,3794 247,3795 247,3794 243,3794 243,3793 240,3793 240,3792 237,3792 237,3791 234,3791 234,3790 231,3790 231,3789 228,3789 228,3788 224,3788 224,3787 221,3787 221,3786 218,3786 218,3785 215,3785 215,3784 212,3784 212,3783 209,3783 209,3782 206,3782 207,3782 207,3761 208,3761 208,3740 209,3740 209,3736 210,3736 210,3732 211,3732 211,3728 212,3728 212,3724 213,3724 213,3721 214,3721 214,3717 215,3717 215,3713 216,3713 216,3709 217,3709 217,3706 218,3706 218,3702 219,3702 219,3698 220,3698 220,3694 221,3694 221,3691 223,3691 223,3690 225,3690 225,3689 227,3689 227,3688 229,3688 229,3687 231,3687 231,3686 232,3686 232,3685 234,3685 234,3684 236,3684 236,3683 238,3683 238,3682 240,3682 240,3681 241,3681 241,3680 243,3680 243,3679 245,3679 245,3678 247,3678 247,3677 249,3677 249,3676 250,3676 250,3675 250,3676 252,3676 252,3677 254,3677 254,3678 256,3678 256,3679 257,3679 257,3680 259,3680 259,3681 261,3681 261,3682 262,3682 262,3683 264,3683 264,3684 266,3684 266,3685 267,3685 267,3686 269,3686 269,3687 271,3687 271,3688 272,3688 272,3689 274,3689 274,3690 276,3690 276,3691 277,3691 277,3692 279,3692 279,3693 281,3693 281,3694 282,3694 282,3695 284,3695 284,3696 286,3696 286,3697 288,3697 288,3698 290,3698 290,3699 292,3699 292,3700 294,3700 294,3701 296,3701 296,3702 298,3702 298,3703 300,3703 300,3704 302,3704 302,3705 304,3705 304,3706 306,3706 306,3707 308,3707 308,3708 310,3708 310,3709 312,3709 312,3710 314,3710 314,3711 316,3711 316,3712 317,3712 317,3713 321,3713 321,3714 427,3714 427,3713 430,3713 430,3712 432,3712 432,3711 435,3711 435,3710 438,3710 438,3709 440,3709 440,3708 443,3708 443,3707 446,3707 446,3706 448,3706 448,3705 451,3705 451,3704 453,3704 453,3703 455,3703 455,3702 457,3702 457,3701 459,3701 459,3700 461,3700 461,3699 463,3699 463,3698 465,3698 465,3697 466,3697 466,3696 467,3696 467,3695 468,3695 468,3694 470,3694 470,3693 471,3693 471,3692 472,3692 472,3691 473,3691 473,3690 475,3690 475,3689 476,3689 476,3688 477,3688 477,3687 478,3687 478,3686 480,3686 480,3685 481,3685 481,3684 482,3684 482,3683 483,3683 483,3682 485,3682 485,3681 486,3681 486,3680 487,3680 487,3679 488,3679 488,3678 490,3678 490,3677 491,3677 491,3676 492,3676 492,3675 493,3675" />
        <TextEquiv>
          <Unicode>forge a Letter of abuse in your name ^ to another person to</Unicode>
        </TextEquiv>
      </TextLine>
      <TextLine id="4711">
        <Coords points="347,3936 254,3939 251,3940 212,3931 212,3929 217,3890 220,3889 243,3874 247,3874 290,3877 297,3877 337,3868 339,3868 371,3878 377,3878 459,3879 474,3879 513,3877 562,3871 620,3881 633,3882 664,3882 712,3877 722,3878 736,3878 821,3883 874,3883 882,3889 909,3908 925,3908 970,3889 981,3893 986,3894 1097,3909 1136,3909 1194,3878 1247,3866 1286,3866 1308,3879 1310,3885 1356,3866 1362,3866 1456,3887 1458,3887 1524,3882 1528,3882 1602,3867 1618,3867 1691,3889 1758,3871 1886,3866 1900,3867 1936,3874 1943,3901 1931,3932 1928,3932 1824,3933 1813,3935 1610,3944 1581,3971 1575,3972 1556,3958 1556,3948 1547,3941 1525,3941 1514,3940 1513,3940 1504,3947 1500,3950 1479,3975 1475,3977 1455,3959 1447,3941 1437,3943 1427,3945 1416,3947 1414,3947 1339,3955 1339,3958 1317,3979 1291,3947 1279,3948 1040,3959 1039,3959 937,3970 933,3974 918,3979 894,3951 883,3951 872,3954 871,3954 666,3944 382,3936" />
        <TextEquiv>
          <Unicode>the intent that that other person should fall upon You and beat</Unicode>
        </TextEquiv>
      </TextLine>
      <TextLine id="4712">
        <Coords points="1846,3954 1854,3954 1858,3958 1927,3958 1927,3959 1928,3960 1928,3969 1929,3970 1929,3981 1932,3984 1932,3986 1931,3987 1930,3987 1929,3988 1928,3988 1927,3989 1830,3989 1817,4002 1816,4002 1815,4003 1814,4003 1813,4004 1812,4004 1811,4005 1810,4005 1808,4007 1806,4007 1806,4002 1807,4001 1807,4000 1810,3997 1810,3996 1814,3992 1814,3968 1822,3960 1823,3960 1824,3959 1831,3945" />
        <TextEquiv>
          <Unicode>You.</Unicode>
        </TextEquiv>
      </TextLine>
    </TextRegion>
  </Page>
</PcGts>