2731 4096
869 201 2098 404 Of State-Tumults
828 497 2501 602 in a tumult, whether they actually engage in it or no.
941 665 2502 776 Engaging in a tumultuous Assembly is a Misdemeanour.
855 864 2524 1084 Method of Suppressing Tumults on the Spot.+
1137 1178 2565 1314 Wheresoever there is a Tumult or Riot let the Con=足
808 1338 2510 1522 足:stable as soon as he hears thereof repair forthwith to the spot,
808 1502 2307 1650 taking with him the standard of avenging Justice.
1104 1681 2510 1833 When he comes to the spot if he finds more than Ten
794 1828 2505 2017 persons engaged in rioting he may display the standard in
798 1984 2524 2191 view of the rioters, going as near as he can to them with safety.
1032 2168 2507 2352 The Standard displayed let him make proclamation
1931 2331 2505 2461 People, give ear!
804 2370 2508 2535 with a loud voice to the following effect. Hear O ye People!
1368 2504 1647 2577 give ear:
812 2501 2474 2700 Thus saith the Law: On pain of death, depart in Peace.
970 2697 2531 2931 If, after proclamation thus made, any persons whether
805 2901 2521 3097 more than Ten or not but within hearing thereof or within
810 3038 2525 3250 sight of the Standard, continue rioting in the presence of the
797 3198 2518 3398 said Constable or elsewhere more than ten minutes, every
791 3371 2105 3548 such person shall be liable to suffer Death.
1028 3541 2531 3710 So if any person in the intention of favouring the
795 3698 2514 3877 said riot is instrumental in preventing the Constable for
802 3858 2535 4008 ten minutes from displaying the standard or making procla=足
2338 3980 2535 4027 足mation
