2731 4096
503 222 1535 413 Of Theft or Stealing.
626 456 821 504 waste
144 501 953 606 as a piece of paper. //
1284 604 1982 708 the act of finding gives
173 648 1888 795 [(G)Right] 1. In some circumstances a man has
173 828 1917 976 a right to take a thing, and even convert it to his
1436 904 1843 1002 Title of by finding
167 967 1852 1102 own use if he finds it. See Title [of Things found]
575 1176 1919 1272 2. A man cannot be said to  know that
184 1324 1877 1422 he has no right to be concerned in taking a thing,
181 1463 1908 1566 if he has or believes he has the leave or permis=足
180 1615 1899 1719 足:sion of any person who has or whom he believes
155 1764 1873 1881 to have a right to give him leave to do so. For
194 1889 1827 2019 instance an owner himself, or any wife, child,
169 2078 1880 2183 parent, near relation, guardian, agent, servant,
194 2217 1895 2324 or intimate friend, in cases in which they ap=足
194 2375 1858 2478 足:pear to him to act with the permission of the
1317 2465 1858 2539 general or special
194 2529 1839 2623 owner whether that permission be tacit or
193 2690 1506 2818 express. See further ad vocem [thing] par. 3.
214 2780 1893 2933 [(H) Dispose] 1. It matters not in what manner
187 2975 1832 3077 he intends to dispose of it whether by making
198 3128 1935 3237 use of it himself or by transferring it to anyone
1700 3256 1900 3328 else.
776 3392 970 3458 Note.
196 3482 1875 3621 // In conformity to the general Rule [See Ch. of
205 3652 1927 3769 Promulgation] this paragraph perhaps might be omitted
202 3809 1913 3899 out of the popular part of the Code, and inserted only
187 3904 1547 4019 under the head of Instructions to the Judge.
