2731 4096
1300 52 1819 167 affecting C
795 106 2447 255 Of Injuries the Liberty of Loco-motion
915 248 2135 367 Of Unlawful Confinement.
877 486 2522 586 8. Seclusion from all implements of amusement; books,
844 659 2054 752 implements of mechanical exercises &c.
842 855 2528 988 9. Inconveniences from the obligation of wearing shack=­
830 1063 1547 1176 ­:les of various kinds.
1842 1214 1942 1261 a
833 1260 2524 1363 10. Obligation of mixing with the promiscuous assem=
822 1435 2528 1561 :blage of one's fellow-prisoners, or other disagreable
831 1544 1168 1591 companions.
828 1540 2517 1664 11. Obligation to submit to labour; whether of mind
848 1631 1672 1728 or body, or both. 11
1074 1671 2528 1817 Such as are more apt to be the result of neglect
834 1853 2326 1975 than intention seem principally to be as follows;
875 2101 2557 2206 1. Pains of hunger and thirst; habitual debility _ Death.
855 2281 2521 2408 2. Sensation of excessive Cold in various degress of in=
839 2479 2524 2585 :tensity: Falling off the extremities by the stoppage
847 2686 1543 2771 of circulation, Death.
860 2879 2496 3016 3. Sensation of excessive heat - habitual debility;
837 3020 1121 3141 Death.
856 3210 2542 3338 4. Sensation of damp and wet; Fevers and other
845 3401 1441 3514 diseases _ Death.
860 3624 2560 3738 5. Accumulation of noisome smells from the body;
857 3799 2534 3925 from the excrements and remains of the food and o=
2368 3900 2554 3962 other
