2731 4096
371 224 1767 420 Of Simple Personal Injuries.
645 490 1552 621 Aggravation I. Seniority
1347 705 1482 788 (A)
341 748 1829 869 Where the party injured is old enough to have been the
144 937 1848 1072 parent of the offender: which he shall be deemed to be if older
163 1116 1811 1257 by Twenty years: more particularly if old enough to be
160 1297 1832 1399 the parent of his parent; and so on. The wise respect the
144 1404 331 1485 wiser.
667 1420 1027 1531 Exposition
637 1488 1494 1587 Aggravation II. <gap/> Sex
1320 1517 1964 1622 for the present purpose
80 1512 1871 1684 [(A) Old enough] This he shall be presumed to be if older by
168 1628 461 1690 20 years.
685 1641 1437 1750 Aggravation II. Sex.
304 1674 1847 1838 Where the party injured is a female, (if the offender being
112 1845 1368 1924 attacks
167 1888 1666 2037 make a None but a coward beats a woman.
384 1955 1810 2061 male. For such case if he have no excuse to his other punish=足
145 2121 1178 2244 足:ment may be added the following:
430 2197 984 2305 Extra-punishment
337 2268 1811 2411 He may be made to do penance more or less public
197 2384 1845 2502 1. Characteristic penance, at option: more or less
144 2452 1865 2574 on the stool of repentance, with his hands tied up above his
165 2534 891 2652 public at discretion.
138 2611 1861 2748 head a woman's cap on his head and an inscription de足=
168 2815 781 2921 足:claring his offence.
659 2982 1594 3096 Aggravation III. Weakness
332 3188 1818 3316 Where the party injured is to such a degree weaker
168 3378 1862 3511 or worse armed as to be unable to defend himself with
160 3445 968 3521 any chance of success. attacks
170 3457 1868 3554 None but a coward beats a man below his match.
681 3527 1731 3672 Aggravation IV. Multitude
310 3705 1901 3846 Where by reason of the multitude of the offenders the party
409 3845 1881 3913 None but cowards considerate against the weak.
197 3900 1706 3997 or parties injured are unable to defend themselves.
