2731 4096
234 264 1594 409 Of Frauds relative to the Coin.
179 614 1845 732 purpose would scarcely pay for their houseroom in the
1696 703 1860 767 Code.
790 809 981 870 Note.
184 961 1861 1066 may already be ruined by the expence and discredit of a prosecution.
182 1094 1869 1223 The only advantage that can be got by turning into an independent
185 1260 1840 1365 Offence an act so inconclusively evidentiary of the offence substantially
179 1412 1867 1521 in view, is the making the Law appear a little more formidable to an
180 1574 1862 1705 Offender; to wit, by describing his offence in terms more explicit than
182 1764 1846 1876 it would be described in otherwise, and putting his delinquency
186 1917 1857 2037 upon an issue which appear more susceptible of proof than the
1478 2066 1869 2148 let any man
171 2098 1885 2221 fact upon which his guilt really depends. But I will leave it to
183 2303 1878 2416 any and to determine, whether so slight an advantage is worth pur=­
184 2489 886 2581 ­:chasing at so dear a rate.
432 2633 1872 2754 Be that as it may the punishment appointed by the Law
180 2807 1867 2937 is at any rate improper: it either falls short of the mark, or goes be=­
192 2991 1866 3093 ­:yond it. If a man incurs it innocently; that is acting upon the
180 3139 1891 3267 same footing upon which men of undisputed probity are wont to
182 3324 1901 3425 act, all punishment whatsoever, or at least all punishment which
176 3491 1894 3617 casts a taint upon his character, is manifestly too much. If he in=­
173 3662 1891 3801 ­:curs it, not being in confederacy with coiners, but meaning how=­
183 3844 1857 3942 ­:ever to make a profit by the offence, the punishment, not being
1705 3954 1826 4001 the
