2731 4096
347 243 1481 431 Of Justifications.
1528 514 1851 582 in such case
176 564 1837 686 apprehending that he will assault you again: you may
170 712 1866 836 lay hold of him and take him to a Constable or a Judge
176 854 800 944 See the Law of Arrests.
172 1060 1861 1174 2. Or if that is not in your power without suffering more,
170 1223 1858 1319 you may take any means of disabling him for the time
166 1343 1868 1459 from carrying on the attack, that can be taken without
154 1527 1882 1625 putting him in pain: as by holding him or tying his hands
169 1689 516 1758 behind him.
177 1874 1853 1961 3. Or if that cannot be done without your suffering a
171 2030 1889 2131 further damage, you may beat him or otherwise put him
1284 2144 1464 2208 deter
174 2185 1868 2301 to pain, as much as is necessary to terrify him or disable
174 2330 1235 2428 him from prosecuting his purpose.
176 2532 1872 2635 4. If you cannot thus make him desist, and you have
177 2701 1867 2796 no cheaper way of saving yourself from being killed
185 2860 1846 2969 or suffering an irreparable personal injury, You may
183 3019 484 3083 kill him.
824 3186 1260 3247 Main - Text.
498 3308 1849 3423 What a man may do in defence of himself he
181 3479 1875 3578 may do in defence of another who is unlawfully attacked.
178 3562 1634 3668 To defend the innocent is the brave man's glory.
489 3671 1876 3765 What a man may do in defence of his person he
1120 3774 1258 3871 (A)
186 3808 1871 3945 may do in defence of his possessions against any unlawful
1651 3907 1835 4001 bodily
