2731 4096
897 250 2294 380 Procedure Frauds relative to the Coin.
849 542 2529 644 be bound to carry it into execution as if it had been an order
833 732 1187 839 of his own.
1401 780 1503 889 6.
1051 948 2494 1091 Either party, being dissatisfied with any such order,
842 1178 2549 1280 may appeal: provided he declare his intention of appealing before
837 1346 1762 1437 he quits the presence of the Judge.
1369 1467 1451 1575 7.
1043 1644 2504 1759 In such case the money shall be again folded up (in
846 1837 2532 1934 the presence of the Judge) in a Packet of Papers, on which each
1956 1974 2079 2035 and
845 2007 2544 2122 Party may write his name or mark, ^ which the Judge shall
850 2193 2552 2288 seal up with his seal; this paper shall be folded up in ano=
852 2362 2522 2485 :ther which one of the parties shall be at liberty to seal up
867 2575 2567 2669 with his seal: if he does not, the Judge shall seal it with
864 2751 2482 2842 his own seal; over this second shall be a third, to which
873 2959 2532 3062 the other party shall be at liberty to affix his seal, or in his
877 3164 2553 3261 default the Judge shall seal it as before: and being thus
864 3351 2535 3461 sealed, it shall be left in deposit with the Judge, to be
863 3552 2538 3652 produced by him at the trial of the Appeal: at which time
892 3739 2508 3844 if the Packet be not produced in good order and with the
2312 3843 2524 3928 Seal
