2731 4096
1042 270 1903 401 Of Incendiarism.
786 447 2490 597 to prevent the mischief from running a far=
766 615 2477 762 :ther length than is necessary for this purpose.
1345 830 1477 904 IV.
2310 858 2481 962 Refer
865 918 2473 1049 Military power and obedience thereunto. See
760 1045 948 1124 here to
771 1075 2521 1216 the Army and Laws _ the Navy Laws and Mar=
763 1250 1176 1341 :tial Law.
1331 1288 1460 1372 V.
803 1404 2359 1534 Furtherance of Justice. See Tit: Execution.
1332 1572 1498 1655 VI.
2261 1602 2518 1715 Refer to
813 1654 2468 1804 Sovereign power and obedience thereunto. See
901 1775 1282 1845 Constitutional
759 1839 1439 1933 the Political Code.
1808 1990 2228 2105 Co-offenders
710 2017 2500 2224 [(B) Concerned] See Tit: [Of Associates in Delinquency
750 2450 2492 2623 [(C) Fire] It matters not in what place, whe=
751 2632 2458 2779 :ther for example in or near a House, or a
757 2769 2501 2955 navigable Vessel, or a growing wood, a pile
763 2917 2464 3083 of dry vegetables as Timber, Corn or Grass, or
761 3139 1088 3192 a Mine.
1007 3272 2489 3378 It matters not whether the thing he set
759 3435 2498 3556 fire to were his own property or that of ano=
740 3622 947 3694 :ther.
772 3721 2455 3857 [(D) Intending] 1. It matters not whether the
2192 3854 2497 3937 intention
