2731 4096
614 258 1852 395 Of Excuses Extenuations
738 506 1234 631 Exposition.
180 674 1979 805 [(A) Intoxication] 1. It matters not by what means the in=­
144 879 1829 951 ­:toxication was produced: whether it be the particular
160 1033 1885 1126 species of intoxication which is called drunkenness, vizs;
170 1186 1842 1289 that which is produced by Wine and other fermented
160 1351 1878 1455 liquors; or whether it be produced by opium or any
173 1544 953 1645 other less common drug.
595 1710 1712 1868 Instruction to the Judge.
1228 1870 1622 1962 in extenuation
282 1913 1899 2065 2. When intoxication is pleaded as an excuse let the Judge
182 2071 843 2175 beware of imposition.
834 2148 1384 2275 Main-Text
515 2298 814 2367 extenuation
354 2303 1901 2480 The excuse afforded by intoxication is the more com=­
159 2510 1903 2626 ­:pleat, the more compleatly the man's reason appears to
161 2642 808 2761 have been disturbed.
434 2724 1908 2824 If the case be such that at the same time that a man
172 2774 1902 2885 is habitually apt to put himself into a state of intoxication, he
784 2841 1870 2922 Excuse V.th Compulsion. his
171 2854 1912 2980 is habitually apt to ruin be mischieveously disposed during the con
185 2935 1904 3031 of in it, the force of this extenuation may amount to
174 2997 1915 3092 little or nothing. A mischievous drunkard is a voluntary madman .
937 3048 1347 3125 Main-Text.
652 3085 2325 3254 Extenuation V. Compulsion (by menacement.)
674 3140 1000 3214 extenuation
358 3144 1932 3357 It is an Excuse if the act be engaged in through Com=­
161 3322 1932 3557 ­:pulsion. Compulsion is constituted by the apprehension of
475 3451 1740 3594 (A) (B) (C) (D)
165 3518 1950 3697 some mischief which is or appears likely to ensue by means
535 3628 688 3730 (E)
180 3682 1907 3807 of the intentional act of some other person: to wit in case
183 3843 1909 3949 the party said to be compelled omits to do that which he
1788 3932 1888 3985 is
