2731 4096
338 260 1769 396 Of Semi-public Offences in General.
212 502 1921 592 calamities can have any direct effect. Nor even can this distinction be
192 634 1937 741 of any use in distinguishing the calamities themselves. Pestilence or
192 795 1941 905 Contagion may indeed be distinguished into that which threatens
201 945 1927 1070 the persons of men, and that which threatens the Animals that
198 1098 1948 1215 are their property, and the doing any thing by which the danger
200 1242 1888 1371 of the first kind of pestilence and that alone may be increased,
194 1392 1915 1531 will be purely an offence against person. But upon the plan
190 1555 1922 1685 of division one can hardly take another step. Famine considered
192 1701 1915 1827 at a certain period is a calamity that affects the person; but if
194 1872 1911 1992 it comes at length to affect the person, it is only by its having
182 2031 1910 2155 first affected property. Of noxious animals some indeed are de=­
918 2131 1547 2207 without threatening any
957 2164 1272 2215 at the same
192 2200 1934 2322 ­:structive to men's property, that there <gap/> no mischief to their per=­
198 2335 1947 2468 ­:sons: but others, such as the stronger kinds of carniverous animals
940 2457 1338 2514 man and beast.
200 2485 1901 2632 are equally formidable to men and cattle. And as to Collapsion,
188 2635 1905 2777 Inundation, Tempest, Blight, Conflagration, and Explosion, it is
188 2804 1941 2932 plain that to these calamities, man and every thing that is subser=­
187 2961 1537 3094 ­vient to the use of Men, stand alike exposed.
425 3141 1942 3277 For judging whether the enumeration is compleat the most com=­
171 3298 1964 3437 ­:modious division seems to be that which results from considering the
192 3464 1937 3605 subject in two points of view successively: viz. 1. With regard to the
180 3624 1958 3764 objects which they may more immediately affect. 2. With regard to
184 3775 1782 3918 the sources from whence they may be derived have issued.
1695 3860 1834 3951 The
