2731 4096
887 244 2179 400 Frauds relative to the Coin.
819 541 2507 636 or to be counterfeit, may cut it in two upon the spot: if it prove
814 718 2501 830 bad, or not of due weight, the party tendering it may take it
817 891 2514 1010 back again but shall bear the loss: if it prove good and of due
812 1073 2518 1189 weight the party to whom it was tendered shall be bound to
801 1251 2454 1361 take it, for what it was coined for. For the method of
813 1307 2529 1440 settling the dispute, see B. II. Of Procedure. Tit. [Suspected Coin]
1193 1390 2160 1558 Provisions of Procedure.
1366 1596 1460 1692 2.
1043 1764 2491 1883 If the party who tendered it thinks himself aggrieved
795 1959 2553 2070 he may complain to the Judge who shall determine the dispute;
795 2137 2544 2255 and if the piece appears to him to be good and of due weight
801 2329 2555 2438 and that the party who refused it had no reason to suspect
802 2526 2561 2626 it he may order him to pay him who tendered it any sum not
802 2706 2521 2836 exceeding [ ] for his loss of time: and if he should deem
804 2913 2525 3011 it to have been refused out of malice merely to put him who
796 3100 2506 3200 tendered it to inconvenience he may order the aggressor to pay
796 3283 2541 3383 to the party aggrieved any sum not more than thrice the former,
804 3476 2200 3565 over and above compensation for the inconvenience.
1360 3632 1464 3716 3.
960 3746 2495 3840 The party who cut the Money may before he delivers it to
2336 3858 2473 3936 him
