2731 4096
990 229 2081 416 Of Justifications.
767 502 2503 615 may of defensive armour to guard yourself from his blows.
1562 618 1677 697 13
731 649 2503 826 [(D) Extends] Consent is not lawful cause for purposely oc=­
758 812 2503 945 ­:casioning the party a greater pain or uneasiness than it
755 983 2440 1087 is to be presumed, had he foreseen the probability of it,
754 1126 2284 1227 he would have consented to take his chance for.
790 1201 2494 1320 To the last line of this page To line the last
2232 1247 2485 1308 of this page
621 1315 1211 1427 From p. 8. par. 1.
868 1334 2280 1497 Justification 2d. Medical Practice.
981 1605 2475 1707 Any thing done to a man in the view of benefiting
1512 1687 2205 1787 done with lawful cause
760 1761 2434 1871 him in point of health is no injury although it be done
759 1929 2485 2019 without his consent; or even against his consent: provided
744 2008 1277 2084 that in both cases
725 2084 2489 2174 it be successful, and more proper upon the whole than any
765 2235 2476 2313 other that was about to be applied. As if a man be bit=­
765 2380 2484 2471 ­:ten in the finger by a dog known to be mad; and you, to
767 2532 2489 2625 save him from the infection, seize him; and in spite of his
774 2688 2488 2773 resistance cut if off. If, by the opinion of persons expert
776 2856 2501 2954 in medicine, it should appear that the dog was (unquesti=­
775 2997 2503 3081 ­:onably) mad; that in such a case immediate amputation
788 3164 2535 3229 is a certain cure; and that it is not adviseable to trust
1902 3250 2527 3337 done with lawful cause.
782 3298 2523 3402 to any other; what you have done to him is no injury . See
780 3454 2447 3551 Excuses_ See also law of Practitioners in Medicine.
667 3512 1185 3615 To p.8. par. 2
647 3607 1477 3707 From above 2
904 3624 2523 3774 Justification 3d added in pencil. Precaution against greater Mischief . >>> 2d Calamity >>> From par. 1.From above
1481 3772 1572 3845 1.
894 3875 2530 3981 1. Any thing done to a Man's person in the Intention of
2281 3940 2462 3998 saving
