2731 4096
2457 45 2573 92 105.
364 259 1113 413 Of Forgery. Definition
200 532 1876 700 [(E) Permanent] Accordingly the counterfeiting the voice of
170 743 1871 841 another person is not Forgery. Sound, that is the Air put in
173 899 1876 997 motion in certain manner is not a permanent but the
169 1095 1326 1213 evanescent instrument of discourse.
249 1241 1086 1321 From p. 1. No 1.
180 1291 1880 1433 [(F) Instrument] Or Document. 1. It matters not of what
710 1454 819 1523 is
177 1526 1885 1617 nature the instrument . It may be any kind of substance whatsoe=足
163 1691 1893 1792 足:ver to which such a form has been given as fits it for serving
282 1828 558 1917 permanent
181 1876 1872 2002 as a sign of discourse. A piece of painting for example, or
826 1982 1645 2086 a piece of tapestry or
187 2056 1785 2169 drawing or sculpture, weaving or needlework, any thing
186 2207 1903 2373 which has taken the impression of a seal or stamp, may any
191 2425 1435 2571 of them serve as instruments of discourse.
1445 2584 1695 2656 signs or
345 2607 1912 2728 2. It matters not of what nature the characters are
201 2800 1923 2891 which the instrument is made to exhibit, so as they be cal=足
205 2987 1922 3080 足:culated to serve as instruments of discourse. It matters
202 3182 1923 3277 not whether they are such as are ordinarily and constantly
208 3380 1872 3480 used for that purpose, such as the letters or words of a
211 3569 1924 3691 language, or such as are used by particular persons only and
212 3771 1930 3891 on particular occasions; such as those on private and public
1693 3915 1928 4000 Seals
