2731 4096
1741 208 2224 304 Destruction
905 237 2560 408 Of criminal Waste or Devastation
821 480 2563 580 in the same place. In other cases of irreplaceabi­
802 574 2520 664 ­lity the extra punishment is p as for Theft. when
810 624 1794 722 aggravated in the same manner.
1045 624 2180 772 Instruction to the Judge.
937 824 2485 975 Let the sentence be for a term of any length
794 1014 2534 1132 at the discretion of the Judge, determinable upon
795 1165 2535 1295 the event of the offender's causing the same tree
795 1321 2510 1467 to grow in the same plight or another tree of
797 1465 2521 1617 the same sort and of equal size in the same
788 1610 2515 1770 place: and let this term be longer or shorter
798 1797 2268 1957 according to the number of trees.
2091 1872 2390 1977 To p. 7.
1208 1968 2475 2135 Aggravation 6. Over-flowing
897 2157 2531 2297 Where the damage or destruction is brought
811 2317 2532 2446 about in the way of Incendiarism. See Tit:
823 2499 1333 2586 Incendiarism.
1261 2637 2326 2796 Aggravation 7. Burning .
890 2812 2540 2950 Where it is brought about in the way of Cri=
833 2998 2552 3098 :minal Inundation, See Criminal Inundation.
959 3163 2568 3289 For Aggravation VI. See <gap/> Tit. Incendiarism.
837 3312 2568 3437 For Aggravation VII See Tit. Inundation.
1233 3511 1675 3612 Extenuati
