2731 4096
1038 54 1137 138 C
205 127 1868 247 Of Injuries to the liberty of Loco-motion
288 255 1685 398 Of Unlawful Confinement.
1092 440 1214 520 6
530 532 1873 642 The measure of these hardships will be determined
203 712 1839 832 by four circumstances: viz, 1. The closeness of the confine=­
199 894 1854 990 ­:ment: 2. The severity of it. 3. The continuance of it. 4.
201 1070 1462 1174 The prejudicial consequences attending it.
1042 1217 1132 1300 7
402 1258 1851 1384 The confinement may be said to be closer according
190 1453 1662 1532 as the space a man is confined in is the smaller.
1055 1555 1141 1627 8
407 1618 1845 1733 Confinement may be said to be the more severe ac=
195 1805 1873 1901 :cording as the hardships which he may have been made
191 2007 1842 2091 to suffer during the confinement over and above those
191 2195 1845 2298 which have resulted necessarily from the closeness of it
193 2392 1199 2491 are greater and more numerous.
1007 2501 1104 2582 9
555 2536 1634 2713 Instructions to the Judge.
372 2765 1842 2913 The hardships which are apt to result
192 3017 1860 3125 merely from the closeness of a man's confinement seem
182 3194 1070 3299 principally to be as follows.
243 3419 1883 3543 1. Privation of the Liberty - of beholding and unlimited va=
185 3635 1891 3733 :riety of rural objects and other objects that afford amuse=
184 3812 1287 3914 :ment to the Eye and Imagination.
1675 3901 1871 4002 2. Of
