2731 4096
455 204 1555 355 Of Culpable Insolvency
1591 389 1951 477 power it gives
1591 436 1746 523 assists
249 483 1946 588 it thinks fit to give him; as if conscious that the offer it makes
208 590 340 671 him
218 635 1912 748 ^ were such as none but a bad man wocould accept. Instead of
217 827 1950 919 taking measures for enabling the insolvent to provide his own
247 1004 1929 1123 subsistence, and supplying the deficiency itself, it obliges the
937 1127 1274 1185 The creditor
252 1153 1995 1291 Creditor to subsist him: ^ as he has suffered so much, he is there=
856 1308 1167 1367 But suppose
237 1352 1960 1479 :fore to suffer more. If ^ the Creditor after the loss he has suf=
547 1479 932 1562 no longer able
224 1527 1895 1639 :fered is not <gap/> enough to maintain the man who caused
556 1650 1848 1730 Is this the case ,? there is considering
258 1711 1927 1808 it to him, no remedy. The poor are not worth consideration or
255 1892 548 1999 redressing.
431 1986 1924 2090 In other respects this plan is still more mischievous to
247 2161 1952 2288 Creditors than it is to Debtors. If a man has fifty Creditors
1269 2321 1395 2377 every
261 2347 1900 2441 and cannot pay every one of them any thing, he will not
249 2505 1971 2642 pay any one of them any thing. Why should he? If he pays
1575 2665 1867 2695 so much as
265 2702 1886 2807 a farthing short he suffers for life; if he does not pay ^ a
267 2867 1952 2976 farthing he cannot suffer longer. Let him be where he will
266 3026 1960 3160 it is better to be rich than pennyless. In a prison, or rather
252 3222 1911 3335 what is called a prison in England, the advantages which
265 3402 1950 3508 wealth has over poverty are greater than in any other place.
244 3559 1960 3670 If a man has money he has a space to range in larger than ma=
234 3717 1943 3823 :ny a principality: if he has none he is thrust pell-mell with
1697 3883 1943 3927 hundreds
