2731 4096
397 270 1825 412 Of Semi-public Offences in General.
203 548 1902 634 ever people should be persuaded that it is better to clear a necessary
201 688 1908 797 indulgence of the accidental inconveniences attending it, than for
203 840 1931 938 the sake of preventing those inconveniences or for no reason at all
203 998 1863 1092 to persevere in the impracticable endeavour of preventing the
198 1149 1926 1277 thing itself. To guard against the Gaol-Fever and other epide=
196 1313 1937 1435 :mic diseases proceeding from want of air and cleanliness, regu=
182 1475 1895 1578 :lations have been made relative to those resorts of wretchedness,
361 1587 1125 1664 <gap/> crowded
184 1624 1905 1762 where numbers of people together take up their involuntary a=
187 1803 1860 1923 :bode. To guard against diseases which might be endemic
196 1981 1906 2102 without being contagious, the manner of building in great towns
196 2142 1930 2258 has been regulated; partly with other views partly to prevent
181 2244 1617 2322 remove impediments to the <gap/> progress circulation
191 2307 1934 2417 the impeding the free current of the Air: regulations have been
181 2466 1935 2567 made for the removal of putrescent and other offensive substances,
168 2632 1855 2728 :es, and for the banishment or confinement of offensive trades
177 2791 1889 2910 and manufactures. In the country, partly with the same view,
192 2967 1894 3067 and partly for the sake of culture, the draining of marshes, the
189 3111 1865 3223 extirpating of Woods in certain situations, the planting them in
842 3222 987 3281 will
190 3251 1636 3379 others, either has been or ^ might have been encouraged.
1447 3402 1668 3458 respects
418 3438 1878 3557 Scarcity and particularly that which ^ consists in those
182 3612 1901 3721 Articles of ordinary food which are emphatically termed the Neces=
167 3760 1889 3884 :saries of life has been the object of much and anxious regulation:
1682 3874 1791 3970 It
