<?xml version='1.0' encoding='utf-8'?>
<PcGts xmlns="http://schema.primaresearch.org/PAGE/gts/pagecontent/2013-07-15" xmlns:xsi="http://www.w3.org/2001/XMLSchema-instance" xsi:schemaLocation="http://schema.primaresearch.org/PAGE/gts/pagecontent/2013-07-15 http://schema.primaresearch.org/PAGE/gts/pagecontent/2013-07-15/pagecontent.xsd">
  <Metadata>
    <Creator>UPV-PRHLT</Creator>
    <Created>2013-03-08T05:03:58</Created>
    <LastChange>2015-12-14T11:11:37</LastChange>
  </Metadata>
  <Page imageFilename="071_164_003.jpg" imageHeight="4096" imageWidth="2731">
    <TextRegion id="t1">
      <Coords points="269,244 250,397 1758,397 1769,252 1561,244 944,263 261,244" />
      <TextLine id="4340">
        <Coords points="373,375 308,383 280,376 276,353 291,328 321,303 321,301 357,266 364,264 408,248 410,248 467,255 471,253 517,253 471,296 494,296 676,267 710,271 712,273 748,299 762,301 773,301 858,276 869,276 953,275 955,275 1003,282 1012,287 1014,287 1042,307 1055,307 1064,305 1126,280 1233,280 1269,296 1280,298 1285,298 1378,282 1441,257 1601,257 1617,258 1749,289 1750,289 1703,362 1694,364 1616,373 1501,373 1432,380 1378,387 1348,398 1341,398 1339,376 1316,364 1230,376 916,366 914,366 553,369 476,373 373,378" />
        <TextEquiv>
          <Unicode>Frauds relative to the Coin</Unicode>
        </TextEquiv>
      </TextLine>
    </TextRegion>
    <TextRegion id="t2">
      <Coords points="200,486 1936,500 1975,4019 205,4000 197,483" />
      <TextLine id="4341">
        <Coords points="396,521 402,521 412,531 770,531 777,538 941,538 942,539 943,539 947,543 1578,543 1585,550 1725,550 1741,566 1853,566 1854,567 1854,570 1855,571 1855,574 1853,576 1853,577 1852,578 1852,579 1848,583 1847,583 1846,584 1845,584 1844,585 1834,585 1833,586 1807,586 1803,590 1802,590 1801,591 1778,591 1777,592 1739,592 1738,593 1705,593 1685,613 1650,613 1644,619 1099,619 1093,625 1092,625 1091,626 1090,626 1089,627 1088,627 1087,628 1086,628 1085,629 1081,629 1064,612 423,612 392,581 245,581 243,579 232,579 232,576 235,573 235,572 238,569 238,559 239,558 239,556 242,553 242,552 243,551 243,550 244,549 244,548 249,543 249,542 250,541 250,540 257,533 257,532 259,530 259,529 261,527 261,526 263,524 263,523 264,522 395,522" />
        <TextEquiv>
          <Unicode>knowing them to be such: unless he can make it appear</Unicode>
        </TextEquiv>
      </TextLine>
      <TextLine id="4342">
        <Coords points="1665,728 1666,728 1671,733 1811,733 1816,738 1864,738 1866,740 1894,764 1871,781 1871,783 1870,783 1869,784 1862,784 1861,785 1855,785 1854,786 1850,786 1849,787 1834,787 1833,788 1644,788 1618,814 1096,814 1092,818 635,818 634,817 580,817 544,781 487,781 486,780 238,780 236,778 229,778 229,774 230,773 230,772 210,757 246,742 246,741 247,740 247,739 249,737 249,736 250,735 250,734 251,734 252,733 685,733 686,732 1660,732 1663,729 1664,729" />
        <TextEquiv>
          <Unicode>that the money from whence they were taken was forthwith</Unicode>
        </TextEquiv>
      </TextLine>
      <TextLine id="4343">
        <Coords points="1699,931 1702,931 1707,936 1784,936 1806,958 1874,958 1874,962 1873,963 1873,964 1868,969 1867,969 1866,970 1866,971 1863,974 1862,974 1860,976 1859,976 1857,978 1856,978 1855,979 1837,979 1834,982 1832,982 1829,985 1828,985 1827,986 1827,987 1823,991 1823,992 1822,993 1822,994 1820,996 1820,997 1817,1000 1817,1001 1816,1002 1816,1003 1815,1004 1815,1005 1813,1007 1813,1008 1811,1010 1811,1011 1808,1014 1807,1014 1802,1019 1801,1019 1800,1020 1799,1020 1798,1021 1796,1021 1795,1022 1792,1022 1791,1023 1782,1023 1679,1029 1532,1029 1518,1015 1045,1015 1019,989 553,989 552,988 476,988 475,987 326,987 325,986 323,986 322,985 302,985 301,984 259,984 256,981 232,981 231,980 231,978 225,972 227,970 227,969 229,967 229,966 232,963 233,963 234,962 239,962 240,961 306,961 326,941 327,941 328,940 908,940 911,937 913,937 914,936 1694,936" />
        <TextEquiv>
          <Unicode>melted down or otherwise defaced: and all such clippings</Unicode>
        </TextEquiv>
      </TextLine>
      <TextLine id="4344">
        <Coords points="337,1130 340,1130 345,1135 845,1135 847,1137 922,1137 923,1138 1354,1138 1366,1150 1420,1150 1489,1171 1446,1177 1447,1178 1447,1179 1461,1193 1461,1196 1458,1199 1455,1199 1454,1200 889,1200 868,1221 867,1221 862,1226 408,1226 407,1227 406,1227 404,1229 402,1229 401,1230 398,1230 389,1221 281,1221 250,1190 229,1190 228,1189 228,1185 229,1184 229,1183 236,1176 237,1176 239,1174 255,1174 256,1173 257,1173 258,1172 295,1172" />
        <TextEquiv>
          <Unicode>or filings shall be forfeited to the State.</Unicode>
        </TextEquiv>
      </TextLine>
      <TextLine id="4345">
        <Coords points="1433,1374 1544,1374 1545,1375 1545,1377 1544,1378 1544,1379 1543,1380 1543,1382 1542,1383 1541,1383 1538,1386 1538,1387 1536,1389 1536,1409 1534,1411 1533,1411 1532,1412 1140,1412 1112,1440 1111,1440 1108,1443 1107,1443 1106,1444 1105,1444 1104,1445 1103,1445 1102,1444 1100,1444 1057,1401 1044,1401 1043,1400 1019,1400 1018,1399 959,1399 958,1398 936,1398 935,1397 873,1397 872,1396 870,1396 868,1394 833,1394 832,1393 829,1393 828,1392 793,1392 792,1391 791,1391 790,1390 713,1390 712,1389 711,1389 710,1388 710,1383 709,1382 709,1323 708,1322 1107,1335 1267,1323 1301,1353 1408,1342" />
        <TextEquiv>
          <Unicode>Provisions of Precedure.</Unicode>
        </TextEquiv>
      </TextLine>
      <TextLine id="4346">
        <Coords points="1115,1561 1138,1561 1139,1562 1140,1562 1156,1578 1212,1585 1400,1578 1401,1579 1494,1579 1496,1581 1852,1581 1853,1582 1855,1582 1865,1592 1891,1582 1913,1612 1905,1639 1888,1622 1887,1622 1886,1623 1885,1623 1884,1624 1884,1625 1883,1626 1882,1626 1881,1627 1880,1627 1879,1628 1877,1628 1876,1629 1763,1629 1762,1630 1761,1630 1760,1631 1334,1631 1329,1636 1329,1637 1319,1647 1319,1648 1318,1649 1318,1650 1315,1653 1315,1654 1311,1658 1311,1659 1310,1660 1165,1640 1082,1640 1075,1633 579,1633 553,1607 499,1607 497,1605 497,1603 496,1602 496,1601 495,1600 495,1597 496,1596 496,1595 497,1594 497,1593 499,1591 519,1591 561,1549 562,1549 563,1548" />
        <TextEquiv>
          <Unicode>Any Person who can find any instrument calculat=</Unicode>
        </TextEquiv>
      </TextLine>
      <TextLine id="4347">
        <Coords points="394,1745 396,1745 397,1746 397,1749 398,1750 732,1750 733,1751 733,1769 734,1770 972,1770 973,1771 1769,1771 1779,1781 1812,1781 1817,1786 1894,1792 1893,1793 1893,1812 1873,1812 1872,1813 1871,1813 1870,1814 1796,1814 1794,1816 1751,1816 1750,1817 1732,1817 1731,1818 1727,1818 1726,1819 1677,1819 1674,1822 1489,1822 1476,1835 857,1835 855,1837 854,1837 853,1838 633,1838 631,1840 630,1840 629,1839 627,1839 624,1836 344,1836 343,1835 341,1835 307,1801 301,1801 300,1800 265,1800 264,1799 263,1799 261,1797 233,1797 232,1796 231,1796 231,1788 232,1787 242,1787 243,1786 270,1786 272,1784 273,1784 274,1783 275,1783 276,1782 278,1782 279,1781 301,1781 322,1760 379,1760" />
        <TextEquiv>
          <Unicode>:ed for Coining in any other place than the public mint or</Unicode>
        </TextEquiv>
      </TextLine>
      <TextLine id="4348">
        <Coords points="1408,1945 1409,1945 1428,1964 1515,1964 1518,1967 1743,1967 1744,1968 1870,1968 1870,1984 1889,2003 1889,2004 1887,2006 1887,2007 1885,2009 1885,2010 1883,2012 1883,2013 1882,2014 1882,2015 1880,2017 1880,2018 1875,2023 1875,2024 1873,2026 1873,2027 1868,2032 1868,2034 1864,2038 1864,2041 1863,2041 1862,2042 1574,2042 1573,2043 1460,2043 1459,2044 1458,2044 1457,2045 1453,2045 1442,2034 988,2034 973,2019 360,2019 342,2001 299,2001 295,1997 279,1997 278,1996 277,1996 276,1995 262,1995 261,1994 247,1994 246,1993 229,1993 226,1990 223,1990 223,1986 225,1986 228,1983 229,1983 230,1982 236,1982 247,1971 308,1971 330,1949 331,1949 332,1948 1405,1948" />
        <TextEquiv>
          <Unicode>such place to which it may have been lawfully carried by</Unicode>
        </TextEquiv>
      </TextLine>
      <TextLine id="4349">
        <Coords points="1289,2157 1676,2157 1677,2158 1886,2158 1887,2159 1887,2190 1888,2191 1903,2191 1903,2193 1894,2202 1894,2203 1892,2205 1891,2205 1890,2206 1890,2207 1889,2208 1888,2208 1887,2209 1883,2209 1882,2210 1710,2210 1709,2211 1494,2211 1493,2212 1492,2212 1491,2213 1490,2213 1489,2214 1487,2214 1486,2215 1048,2215 1043,2220 1043,2221 1040,2224 1040,2225 1038,2227 1038,2228 1036,2230 1036,2231 1035,2232 1035,2234 1034,2235 1034,2236 1033,2237 1032,2237 1031,2238 1030,2238 1029,2239 1027,2239 1020,2232 407,2232 374,2199 337,2199 336,2198 321,2198 319,2196 295,2196 293,2194 272,2194 269,2191 237,2191 235,2189 226,2189 225,2188 225,2187 224,2186 225,2185 225,2184 226,2183 226,2182 231,2177 232,2177 234,2175 260,2156 322,2154 337,2154 338,2153 512,2153 516,2149 518,2149 519,2148 1170,2148" />
        <TextEquiv>
          <Unicode>authority from the mint, may seize the same wherever it is</Unicode>
        </TextEquiv>
      </TextLine>
      <TextLine id="4350">
        <Coords points="1239,2341 1883,2341 1883,2342 1884,2343 1884,2344 1916,2376 1918,2376 1918,2408 1900,2408 1899,2409 1899,2412 1896,2415 1896,2416 1895,2416 1894,2417 1891,2417 1890,2418 1890,2422 1888,2424 1888,2425 1887,2426 1887,2427 1884,2430 1883,2430 1882,2431 1880,2431 1879,2432 1245,2432 1108,2426 488,2426 457,2395 445,2395 444,2394 418,2394 416,2392 382,2392 381,2391 318,2391 317,2390 315,2390 313,2388 278,2388 277,2387 262,2387 261,2386 239,2386 237,2384 227,2384 226,2383 225,2383 226,2382 226,2381 231,2376 232,2376 233,2375 234,2375 235,2374 237,2374 238,2373 318,2373 338,2353 339,2353 340,2352 680,2352 681,2351 682,2351 685,2348 686,2348 687,2347 1169,2347" />
        <TextEquiv>
          <Unicode>and carry it forthwith to the Judge. See the Law concerning</Unicode>
        </TextEquiv>
      </TextLine>
      <TextLine id="4351">
        <Coords points="1316,2544 1434,2544 1446,2556 1480,2556 1481,2557 1588,2557 1589,2558 1590,2558 1591,2559 1592,2559 1593,2560 1595,2560 1596,2561 1597,2561 1603,2567 1603,2576 1618,2591 1618,2595 1616,2597 1601,2597 1600,2598 1231,2610 1174,2608 874,2632 488,2632 455,2599 317,2599 308,2590 276,2590 275,2589 273,2589 272,2588 242,2588 237,2583 231,2583 231,2575 224,2568 224,2564 227,2564 253,2538 1141,2538" />
        <TextEquiv>
          <Unicode>the securing of things to be produced in evidence.</Unicode>
        </TextEquiv>
      </TextLine>
      <TextLine id="4352">
        <Coords points="1008,2812 981,2797 972,2775 974,2747 982,2728 1009,2712 1055,2712 1078,2736 1078,2737 1079,2770 1079,2771 1064,2802 1018,2816 1004,2810" />
        <TextEquiv>
          <Unicode>2</Unicode>
        </TextEquiv>
      </TextLine>
      <TextLine id="4353">
        <Coords points="1564,2922 1541,2905 1518,2901 1525,2868 1545,2844 1566,2840 1577,2840 1616,2847 1616,2850 1628,2883 1628,2885 1606,2914 1593,2922 1562,2921" />
        <TextEquiv>
          <Unicode>(A)</Unicode>
        </TextEquiv>
      </TextLine>
      <TextLine id="4354">
        <Coords points="1775,2895 1791,2911 1809,2911 1814,2916 1819,2916 1836,2933 1912,2933 1912,2936 1910,2938 1910,2948 1909,2949 1909,2950 1906,2953 1905,2953 1904,2954 1902,2954 1901,2955 1885,2955 1884,2956 1883,2956 1882,2957 1880,2957 1875,2962 1875,2963 1872,2966 1872,2967 1869,2970 1869,2971 1867,2973 1867,2974 1865,2976 1865,2977 1863,2979 1863,2980 1860,2983 1860,2984 1859,2985 1859,2986 1857,2988 1856,2988 1853,2991 1852,2991 1850,2993 1848,2993 1847,2994 1845,2994 1844,2995 1843,2994 1842,2994 1840,2992 1612,2981 1542,2992 1527,2977 1322,2977 1308,2963 557,2963 517,2923 474,2923 473,2922 471,2922 470,2921 468,2921 466,2919 466,2918 465,2917 465,2911 468,2908 470,2908 471,2907 508,2907 553,2862 1160,2881 1474,2897 1544,2904 1550,2922 1578,2924 1720,2927" />
        <TextEquiv>
          <Unicode>Any person who can find any clippings or filings</Unicode>
        </TextEquiv>
      </TextLine>
      <TextLine id="4355">
        <Coords points="1324,3102 1368,3087 1374,3063 1372,3036 1320,3018 1251,3021 1227,3041 1227,3044 1233,3081 1251,3090 1279,3091 1312,3100 1331,3097" />
        <TextEquiv>
          <Unicode>(B)</Unicode>
        </TextEquiv>
      </TextLine>
      <TextLine id="4356">
        <Coords points="1915,3126 1915,3127 1909,3133 1908,3133 1907,3134 1906,3134 1905,3135 1904,3135 1903,3136 1901,3136 1900,3137 1896,3137 1895,3138 1845,3138 1844,3139 1591,3139 1561,3169 1560,3169 1559,3170 1555,3170 1549,3164 353,3164 327,3138 239,3138 239,3111 232,3104 232,3102 233,3101 233,3099 234,3098 234,3097 239,3092 239,3091 240,3091 241,3090 242,3090 243,3089 245,3089 246,3088 250,3088 278,3060 1281,3094 1318,3106 1437,3081 1618,3074 1918,3093 1928,3116" />
        <TextEquiv>
          <Unicode>of any current Coin in the same place with any instrument</Unicode>
        </TextEquiv>
      </TextLine>
      <TextLine id="4357">
        <Coords points="600,3260 609,3269 1719,3269 1722,3272 1879,3272 1880,3273 1880,3301 1888,3309 1888,3310 1889,3311 1888,3312 1888,3313 1887,3314 1886,3314 1885,3315 1861,3315 1860,3316 1849,3316 1847,3318 1847,3319 1845,3321 1845,3322 1844,3323 1844,3324 1842,3326 1842,3327 1841,3328 1841,3332 1840,3333 1840,3334 1837,3337 1837,3338 1836,3339 1836,3340 1834,3342 1834,3343 1832,3345 1832,3347 1831,3348 1831,3350 1829,3352 1828,3352 1827,3353 1827,3354 1825,3356 1824,3356 1823,3357 1822,3357 1821,3358 1820,3358 1819,3359 1631,3359 1630,3360 1628,3360 1627,3361 1624,3361 1620,3357 1142,3357 1140,3355 832,3355 826,3349 545,3349 512,3316 497,3316 496,3315 495,3315 494,3314 460,3314 459,3313 444,3313 443,3312 385,3312 384,3311 381,3311 380,3310 357,3310 355,3308 317,3308 316,3307 296,3307 295,3306 294,3306 292,3304 271,3304 268,3301 258,3301 257,3300 237,3300 236,3299 235,3299 235,3298 234,3297 234,3296 235,3295 235,3294 236,3293 236,3292 239,3289 239,3288 240,3288 241,3287 243,3287 244,3286 295,3286 318,3263 597,3263" />
        <TextEquiv>
          <Unicode>calculated for unlawful Coinage, or in the possession of</Unicode>
        </TextEquiv>
      </TextLine>
      <TextLine id="4358">
        <Coords points="1184,3455 1912,3455 1913,3456 1913,3460 1912,3461 1912,3462 1911,3463 1911,3464 1909,3466 1909,3467 1921,3483 1906,3507 1905,3508 1882,3508 1881,3509 1881,3511 1879,3513 1879,3514 1878,3515 1878,3516 1874,3520 1874,3521 1873,3522 1873,3523 1871,3525 1871,3527 1869,3529 1869,3530 1867,3532 1867,3533 1866,3534 1866,3537 1863,3540 1863,3542 1861,3544 1861,3545 1859,3547 1858,3547 1856,3549 1855,3549 1854,3550 1851,3550 1850,3551 1848,3551 1847,3550 936,3550 922,3536 301,3536 263,3498 247,3498 246,3497 245,3497 243,3495 235,3495 233,3493 232,3493 231,3492 231,3489 232,3489 237,3484 238,3484 239,3483 240,3483 241,3482 242,3482 243,3481 371,3481 392,3460 1179,3460" />
        <TextEquiv>
          <Unicode>any person who has any such instrument also in his pos=</Unicode>
        </TextEquiv>
      </TextLine>
      <TextLine id="4359">
        <Coords points="338,3640 339,3640 344,3645 374,3645 378,3649 1423,3649 1424,3650 1536,3650 1537,3651 1538,3651 1553,3666 1719,3666 1721,3668 1722,3668 1724,3670 1940,3670 1942,3672 1943,3672 1945,3674 1945,3675 1946,3676 1946,3681 1945,3682 1945,3683 1936,3683 1935,3684 1935,3698 1932,3698 1929,3701 1761,3701 1245,3740 1012,3736 887,3720 547,3742 544,3739 271,3739 270,3738 270,3721 242,3693 242,3692 235,3685 235,3681 236,3680 236,3679 240,3675 240,3670 242,3668 244,3668 245,3667 308,3667 332,3643 333,3643 334,3642 335,3642 336,3641 337,3641" />
        <TextEquiv>
          <Unicode>:session may seize and dispose of them in the same manner.</Unicode>
        </TextEquiv>
      </TextLine>
      <TextLine id="4360">
        <Coords points="920,3827 868,3818 845,3795 852,3771 877,3740 908,3724 937,3724 948,3756 950,3758 971,3760 981,3759 1002,3748 1022,3751 1051,3751 1093,3745 1135,3751 1139,3751 1195,3752 1283,3763 1285,3766 1294,3810 1267,3828 1264,3829 1159,3824 1043,3821 987,3833 959,3841 921,3831" />
        <TextEquiv>
          <Unicode>Exposition.</Unicode>
        </TextEquiv>
      </TextLine>
      <TextLine id="4361">
        <Coords points="269,3861 270,3862 271,3862 272,3863 275,3863 276,3864 282,3864 283,3865 293,3865 294,3866 322,3866 331,3875 456,3875 464,3883 498,3883 501,3886 694,3886 700,3892 809,3892 809,3895 810,3896 1918,3896 1919,3897 1919,3898 1920,3899 1920,3904 1955,3939 1935,3963 1871,3962 1797,3985 1113,3991 292,3970 290,3968 290,3967 285,3962 247,3962 246,3961 245,3961 245,3959 246,3958 246,3957 247,3956 247,3955 248,3954 248,3952 254,3946 254,3931 255,3930 255,3928 256,3927 256,3919 257,3918 257,3916 258,3915 258,3910 259,3909 259,3901 260,3900 260,3898 261,3897 261,3890 262,3889 262,3883 263,3882 263,3879 264,3878 264,3876 265,3875 265,3871 266,3870 266,3864 267,3863 267,3862 268,3862" />
        <TextEquiv>
          <Unicode>[(A) Clippings] By Clippings shall be understood any piec­</Unicode>
        </TextEquiv>
      </TextLine>
      <TextLine id="4362">
        <Coords points="1848,3995 1852,3979 1872,3966 1916,3964 1936,3977 1932,4001 1878,4002 1850,3997" />
        <TextEquiv>
          <Unicode>:es</Unicode>
        </TextEquiv>
      </TextLine>
    </TextRegion>
  </Page>
</PcGts>