2731 4096
485 244 1732 380 Of criminal Inundation.
544 548 1881 645 Criminal Inundation is where with=
847 655 1551 762 (A) (B)
188 686 1917 836 :out lawful cause a man is concerned in laying
1404 810 1517 882 (C)
180 848 1887 992 a country under water; intending thereby to
183 984 1867 1131 endanger the life or damage the property of
1379 1097 1478 1176 (D)
185 1107 1820 1257 another to the amount of [L.S. 100] having no
204 1246 1696 1336 right so to do, and knowing that he hath none.
188 1352 1304 1491 [(A) Lawful cause] Justifications.
315 1545 1622 1648 Are the same as in Incendiarism.
1158 1666 1540 1774 Co-offenders.
173 1687 1954 1876 [(B) Concerned] See Tit. [Of Associates in Delinquency ]
169 1951 1910 2082 [(C) Intending] It matters not whether the Inten=
179 2146 1205 2247 :tion be direct or indirect.
185 2268 1917 2404 [(D) L S 100] If it be short of that amount it is
805 2407 1108 2477 destruction.
188 2444 1877 2608 only criminal devastation. See Incendiarism.
590 2602 1942 2724 For criminal Inundation the offend=
168 2798 1603 2924 :er's punishment shall be as follows
291 3006 1919 3110 1. He shall be punished with the water
174 3134 398 3210 torture
188 3167 1903 3303 ^  once or oftner and for a longer or a shorter
179 3330 1954 3450 time according to the quantity of the damage.
578 3421 1038 3494 was his crime:
209 3487 1932 3601 By water he offended; by water he shall be
169 3634 1191 3742 tormented his punishment.
260 3775 1937 3882 2. In other respects he shall be punished as
1710 3875 1921 3998 for
