2731 4096
963 243 2251 387 Of Disturbance of Guardianship.
782 493 2501 630 satisfaction of enjoying the company and taking care of the pre=­
2094 629 2496 733 who, from the
768 688 2486 816 ­:sent and future happiness of a young Person where the Law
785 828 2503 912 relation that subsists between them, it is to be presumed
775 906 1543 977 presumed to be dear to him
794 980 1274 1049 is dear to him.
1243 1064 1721 1167 Punishment
942 1268 2482 1390 Is the same as in the case of Matrimonial Disturbance:
779 1455 1051 1547 which See.
1342 1561 1577 1644 Excuses
986 1751 2275 1829 Are the same as in Matrimonial Disturbance.
