2731 4096
990 242 1946 409 Of Justifications.
904 506 2267 628 Of the several grounds of Justification
999 651 2071 774 in Offences against Individuals.
1015 931 2515 1081 The several Circumstances any of which are to be deemed
810 1087 2443 1234 to justify any act which otherwise would be an offence
760 1275 2528 1409 against the person of an Individual are these which follow, viz;
793 1458 1621 1570 1. Consent of the other party.
804 1541 867 1597 3.
750 1554 1385 1702 2 Medical practicse.
790 1685 1751 1804 2 calamity
741 1714 1912 1881 3. Precaution against greater mischief.
757 1904 1166 1990 4 Defence.
759 2077 2014 2187 5. Domestic power and Subservience thereto.
761 2234 1995 2347 6. Military power and Subservience thereto.
759 2390 2507 2523 7. Judicial power and Subservience thereto: or Furtherance of Justice.
763 2556 1982 2679 8. Sovereign Power and Subservience thereto.
992 2749 2468 2928 Justification I. Consent [of the other Party.]
1295 2951 2510 3052 (A) (B) (C)
1190 2995 2481 3125 Consent of the party, if free and fairly obtained,
1198 3120 1364 3208 (D)
768 3179 2052 3295 as far as it extends , takes away the Injury.
1335 3334 1722 3450 Exposition.
804 3344 1142 3465 To p. 14.
951 3454 1353 3541 From p. 16
752 3484 2334 3602 Whether the consent be impli absolute or upon terms, or it be
881 3552 2538 3675 Consent & matters not how the Consent is expressed: whe=­
744 3682 2521 3842 ­:ther explicitly or implicitly, whether by discourse or by behaviour.
757 3784 1638 3951 See Tit. Offences by Falshood
2121 3852 2487 4025 (B) Free
