2731 4096
332 251 1829 401 Of Semi-public Offences in General.
638 480 1815 557 legal [+]
203 517 1901 638 afford a particular ^ protection to the works they have established: As to
197 678 1890 776 explosions by water passing from a fluid to a solid state, they can
198 830 1898 921 never be formidable but under the accidental circumstance of a so=
184 986 1898 1095 :lid body's standing in the way of the explosion. Such a situation
203 1144 1925 1253 of things is said sometimes to have been brought about by Art but
206 1306 1945 1415 is not so frequently brought about by nature, as to have any where
197 1461 1907 1584 given occasion to the use of political preventives. Explosion of in=
203 1627 1910 1732 :flammable airs has already been touched upon under the head
212 1778 657 1888 of Conflagration.
438 1921 1867 2067 The Laws relative to these calamities may belong to the
190 2088 1870 2203 criminal branch in two respects. 1. Inasmuch as the mischiefs of
185 2231 1884 2339 those calamities are of the same nature with those which it is the
216 2403 1904 2511 object of the rest of the criminal law to exclude. 2. Inasmuch
194 2542 1912 2671 as the motives by which it is necessary to enforce the laws in ques=
206 2707 1918 2823 :tion are in most instances of the nature of a penalty, and in ma=
197 2866 1905 3004 :ny instances , of that degree of force which occasions them to be
211 3034 1603 3145 taken notice of under the name of punishments.
446 3180 1906 3301 The assemlage of these Laws when brought together will
204 3344 1897 3455 serve to form one very diversified and extensive branch of the
204 3477 1889 3611 Laws relative to the Semi-public class of Offences, and may be
201 3630 1891 3781 entitled Laws against Calamities. The several sorts of calamities
216 3788 1833 3919 as above enumerated will form so many subordinate branches.
1680 3890 1844 3984 This
