2731 4096
915 211 2098 422 Of State-Tumults.
766 508 2499 617 the interest of each offender to be instrumental in bringing
763 684 2486 772 to Justice as many co-offenders as he can, in order to ease
789 843 1901 934 himself proportionably of the burthen.
987 1007 2504 1122 If any one be concerned in composing or publishing any
785 1203 2461 1290 printed or written publication in the intent of exciting a
772 1342 2495 1459 tumult, and a tumult ensues, which appears to have
791 1505 2504 1630 been excited or in any degree aggravated by the influ=­
796 1672 2399 1780 ­:ence of such publication, he shall be responsible as
800 1831 2504 1974 well criminally as civilly as if he had joined personally
800 2011 1260 2067 in the tumult.
1067 2146 2486 2277 So if any one in private conversation or by letter or
799 2313 2480 2445 otherwise be knowingly concerned in advising or procuring
803 2482 2479 2570 any one to begin or join in any tumult; and a tumult
784 2607 1360 2711 ensues accordingly.
1049 2774 2491 2903 It is a Misdemeanour if any man sollicits you by
800 2925 2502 3079 Gift or Promise to shew your affection or disaffection for any
789 3088 2287 3194 person on a public account, in a public manner.
960 3232 2232 3353 So if you comply with such Sollicitation.
1307 3416 1643 3507 Reasons.
1044 3533 2538 3709 Tumult is one means of misrepresenting the sentiments
812 3725 2568 3850 of the people : Bickery is another: besides that bribery when thus
802 3871 2127 3979 employed is likely enough to lead to tumult.
2369 3938 2491 4006 Any
