2731 4096
950 271 2344 394 Of Semi-public Offences in General.
957 485 2491 592 This method of arrangement will more particularly re=­
790 615 2525 742 ­:spect the conveniency of the statesman. For individuals at large
800 737 2480 894 that other plan of arrangement will be more commodious which
797 928 2495 1053 marks out the divisions of the subject-matter according to the
805 1088 2474 1219 different classes of persons concerned in it, as determined by
2022 1184 2310 1281 (meaning
810 1246 2524 1369 their connection with the different sorts of things, real entities,) that
808 1410 2489 1530 are made the objects of regulation. This division of mankind
815 1550 2491 1701 being beyond comparison the more numerous, the method of
811 1694 2514 1866 arrangement which is best suited to their accomodation must
819 1886 2519 1997 be adopted at any rate. The throwing the same materials into
812 2028 2517 2155 another form best adapted to the purposes of the statesman is a
810 2182 2510 2322 matter not of strict necessity indeed, but however of great con=­
797 2357 2477 2476 ­:venience. It is not necessary however that the work should be
1894 2441 2360 2524 uncommissioned
822 2484 2511 2623 executed by the hand of the Legislator: an unauthorised individual
1012 2630 1466 2703 effect the purpose
825 2651 2478 2780 might answer the intention were the text of the Law fixed by an
824 2818 2504 2925 authorative digest made upon the other plan. To the statesman
825 2945 2511 3094 it would be enough to find the purport of the Law methodized
826 3122 2518 3254 according to his views, so he had but the tenor of it to refer to
827 3322 1305 3400 in case of doubt.
1867 3320 2504 3428 To p. 20. at top -
1105 3468 2485 3560 We now come to the division which comprehends Offences a=­
817 3611 2461 3737 ­:gainst an ideal or factitious set of persons; or in short against any
822 3751 2528 3878 number of persons who are brought into the same predicament by a=­
825 3877 2501 4004 ­:ny other circumstance than that of vicinity. Offences of this division
2311 3928 2510 3998 in stead
