<?xml version='1.0' encoding='utf-8'?>
<PcGts xmlns="http://schema.primaresearch.org/PAGE/gts/pagecontent/2013-07-15" xmlns:xsi="http://www.w3.org/2001/XMLSchema-instance" xsi:schemaLocation="http://schema.primaresearch.org/PAGE/gts/pagecontent/2013-07-15 http://schema.primaresearch.org/PAGE/gts/pagecontent/2013-07-15/pagecontent.xsd">
  <Metadata>
    <Creator>UPV-PRHLT</Creator>
    <Created>2013-03-08T05:03:58</Created>
    <LastChange>2015-12-14T11:11:37</LastChange>
  </Metadata>
  <Page imageFilename="071_186_001.jpg" imageHeight="4096" imageWidth="2731">
    <TextRegion id="t1">
      <Coords points="167,297 541,226 921,286 1578,269 1602,423 169,428 167,289" />
      <TextLine id="4656">
        <Coords points="294,403 224,424 219,425 212,416 207,403 187,405 180,396 207,350 251,310 276,307 291,292 316,289 337,310 369,299 369,300 412,291 426,291 510,278 516,260 508,241 532,235 557,246 555,292 582,301 594,301 635,283 648,283 689,298 703,301 707,301 762,307 791,307 855,299 867,299 867,300 985,296 1078,298 1094,298 1107,299 1125,301 1310,294 1314,294 1416,280 1499,289 1507,292 1555,324 1560,333 1566,342 1567,344 1573,391 1569,398 1510,407 1499,403 1489,401 1355,394 1353,396 1283,416 1230,401 1219,401 1208,403 987,403 974,401 953,401 696,399 696,400 458,398 300,398" />
        <TextEquiv>
          <Unicode>Of Frauds relative to the Coin.</Unicode>
        </TextEquiv>
      </TextLine>
    </TextRegion>
    <TextRegion id="t2">
      <Coords points="95,476 1815,478 1826,671 1793,752 1797,830 1778,910 1828,939 1834,1004 1845,3952 154,3958 86,3432 76,2643 65,2354 65,476" />
      <TextLine id="4657">
        <Coords points="996,580 853,587 844,546 857,525 910,508 923,508 971,507 1014,514 1023,539 1023,546 1001,582" />
        <TextEquiv>
          <Unicode>indeed</Unicode>
        </TextEquiv>
      </TextLine>
      <TextLine id="4658">
        <Coords points="1605,579 1609,583 1795,583 1796,584 1823,607 1810,623 1793,607 1792,608 1792,616 1791,617 1791,618 1790,619 1789,619 1788,620 1787,620 1785,622 1784,622 1781,625 1779,625 1778,626 1776,626 1775,627 1774,627 1773,628 1771,628 1770,629 1768,629 1767,630 1667,630 1666,631 1664,631 1663,632 1614,632 1613,633 1471,633 1450,654 1449,654 1448,655 905,673 869,633 112,616 123,557 801,569 896,601 1100,578" />
        <TextEquiv>
          <Unicode>this as in other cases. It is a general rule that a punishment</Unicode>
        </TextEquiv>
      </TextLine>
      <TextLine id="4659">
        <Coords points="190,743 191,743 193,745 268,745 271,748 342,748 343,749 1768,749 1769,750 1772,750 1775,753 1776,753 1781,758 1781,760 1783,762 1783,765 1785,767 1785,769 1786,770 1786,773 1787,774 1787,780 1788,781 1788,784 1787,785 1787,791 1786,792 1786,794 1785,795 1784,795 1783,796 1783,800 1782,801 1782,802 1781,803 1780,803 1779,804 1778,804 1777,805 1773,805 1772,806 1770,806 1769,807 1747,807 1746,808 1674,808 1649,833 1648,833 1647,834 1294,834 1293,835 303,828 112,799 119,757 188,744 189,744" />
        <TextEquiv>
          <Unicode>which points a man out as infamous ought to be confined</Unicode>
        </TextEquiv>
      </TextLine>
      <TextLine id="4660">
        <Coords points="117,908 1678,914 1696,932 1803,932 1832,948 1805,979 1802,982 1801,982 1796,987 1795,987 1794,988 1559,988 1546,1001 1545,1001 1544,1002 1543,1002 1542,1003 333,1007 160,978 105,980" />
        <TextEquiv>
          <Unicode>to such offenders as are condemned to perpetual confinement;</Unicode>
        </TextEquiv>
      </TextLine>
      <TextLine id="4661">
        <Coords points="108,1121 182,1094 1775,1092 1777,1094 1777,1099 1776,1100 1776,1103 1775,1104 1775,1106 1774,1107 1774,1108 1773,1109 1773,1110 1771,1112 1771,1113 1767,1117 1767,1118 1765,1120 1765,1122 1762,1125 1762,1126 1787,1132 1782,1148 1783,1157 1755,1150 1754,1151 1747,1151 1744,1154 1744,1155 1743,1156 1743,1158 1742,1159 1742,1160 1741,1161 1741,1162 1740,1163 1740,1164 1739,1165 1739,1166 1735,1170 1735,1172 1733,1174 1733,1175 1732,1176 1732,1177 1731,1178 1730,1178 1729,1179 1408,1179 1406,1181 1406,1182 1405,1183 1405,1184 1403,1186 1402,1186 1401,1187 551,1191 550,1192 160,1153 103,1135" />
        <TextEquiv>
          <Unicode>and that it ought not to be inflicted on any who are suf=</Unicode>
        </TextEquiv>
      </TextLine>
      <TextLine id="4662">
        <Coords points="236,1255 237,1255 238,1256 239,1256 246,1263 1134,1263 1148,1277 1698,1277 1699,1278 1710,1278 1746,1314 1779,1314 1790,1325 1790,1331 1791,1332 1791,1335 1790,1336 1685,1336 1664,1357 1663,1357 1662,1358 1461,1358 1453,1366 1452,1366 1451,1367 1450,1367 1449,1368 980,1373 581,1368 578,1371 577,1371 576,1372 574,1372 573,1373 144,1326 116,1351 103,1319 108,1271 212,1233" />
        <TextEquiv>
          <Unicode>:fered to mix again in Society. In the case of such offenc=</Unicode>
        </TextEquiv>
      </TextLine>
      <TextLine id="4663">
        <Coords points="900,1464 873,1450 871,1423 889,1398 953,1387 955,1387 1017,1389 1053,1416 1055,1419 1060,1449 1060,1450 967,1451 901,1458" />
        <TextEquiv>
          <Unicode>effects</Unicode>
        </TextEquiv>
      </TextLine>
      <TextLine id="4664">
        <Coords points="1518,1450 1518,1451 1520,1451 1520,1452 1521,1452 1521,1453 1522,1453 1522,1454 1523,1454 1523,1455 1524,1455 1524,1456 1525,1456 1525,1457 1739,1457 1739,1458 1740,1458 1740,1468 1741,1468 1741,1469 1742,1469 1742,1470 1743,1470 1743,1471 1744,1471 1744,1472 1745,1472 1745,1473 1746,1473 1746,1474 1747,1474 1747,1475 1748,1475 1748,1476 1749,1476 1749,1477 1750,1477 1750,1478 1751,1478 1751,1479 1752,1479 1752,1480 1753,1480 1753,1481 1754,1481 1754,1482 1755,1482 1755,1483 1756,1483 1756,1484 1757,1484 1757,1485 1758,1485 1758,1486 1759,1486 1759,1489 1760,1489 1760,1491 1759,1491 1759,1493 1758,1493 1758,1495 1757,1495 1757,1497 1756,1497 1756,1498 1755,1498 1755,1500 1754,1500 1754,1502 1753,1502 1753,1503 1752,1503 1752,1504 1751,1504 1751,1505 1748,1505 1748,1506 1746,1506 1746,1507 1739,1507 1739,1508 1736,1508 1736,1509 1367,1509 1367,1510 1259,1510 1259,1511 1258,1511 1258,1512 1257,1512 1257,1513 1256,1513 1256,1514 1255,1514 1255,1515 1254,1515 1254,1516 1253,1516 1253,1517 1252,1517 1252,1518 1251,1518 1251,1519 1250,1519 1250,1520 1249,1520 1249,1521 1248,1521 1248,1522 1247,1522 1247,1523 1246,1523 1246,1524 1245,1524 1245,1525 1244,1525 1244,1526 1243,1526 1243,1527 1242,1527 1242,1528 1241,1528 1241,1529 1240,1529 1240,1530 1239,1530 1239,1531 1238,1531 1238,1532 1237,1532 1237,1533 1236,1533 1236,1534 1235,1534 1235,1535 1234,1535 1234,1536 1233,1536 1233,1537 1232,1537 1232,1538 1231,1538 1231,1539 1230,1539 1230,1540 1229,1540 1229,1541 1228,1541 1228,1542 1227,1542 1227,1543 1226,1543 1226,1544 1225,1544 1225,1545 1224,1545 1224,1546 1222,1546 1222,1547 1221,1547 1221,1548 1220,1548 1220,1549 1219,1549 1219,1550 1218,1550 1218,1551 1217,1551 1217,1552 1215,1552 1215,1553 1214,1553 1214,1554 1213,1554 1213,1555 1212,1555 1212,1556 1210,1556 1210,1557 1208,1557 1208,1558 1208,1557 1094,1557 1094,1556 980,1556 980,1555 864,1555 864,1558 863,1558 863,1561 862,1561 862,1563 861,1563 861,1565 860,1565 860,1568 859,1568 859,1570 858,1570 858,1572 857,1572 857,1574 856,1574 856,1577 855,1577 855,1579 854,1579 854,1581 853,1581 853,1583 853,1582 849,1582 849,1581 846,1581 846,1580 842,1580 842,1579 839,1579 839,1578 835,1578 835,1577 832,1577 832,1576 829,1576 829,1575 825,1575 825,1574 822,1574 822,1573 818,1573 818,1572 815,1572 815,1571 812,1571 812,1570 807,1570 807,1569 803,1569 803,1566 802,1566 802,1563 801,1563 801,1560 800,1560 800,1557 799,1557 799,1555 798,1555 798,1541 693,1541 693,1542 681,1542 681,1543 670,1543 670,1544 658,1544 658,1545 646,1545 646,1546 634,1546 634,1547 622,1547 622,1548 610,1548 610,1549 599,1549 599,1550 587,1550 587,1551 575,1551 575,1552 563,1552 563,1553 551,1553 551,1554 539,1554 539,1555 528,1555 528,1556 516,1556 516,1557 504,1557 504,1558 492,1558 492,1559 480,1559 480,1560 468,1560 468,1561 457,1561 457,1562 457,1561 444,1561 444,1560 432,1560 432,1559 419,1559 419,1558 407,1558 407,1557 395,1557 395,1556 382,1556 382,1555 370,1555 370,1554 358,1554 358,1553 345,1553 345,1552 333,1552 333,1551 321,1551 321,1550 308,1550 308,1549 296,1549 296,1548 284,1548 284,1547 271,1547 271,1546 259,1546 259,1545 247,1545 247,1544 234,1544 234,1543 222,1543 222,1542 210,1542 210,1541 207,1541 207,1540 204,1540 204,1539 201,1539 201,1538 198,1538 198,1537 195,1537 195,1536 192,1536 192,1535 189,1535 189,1534 186,1534 186,1533 183,1533 183,1532 180,1532 180,1531 177,1531 177,1530 174,1530 174,1529 171,1529 171,1528 168,1528 168,1527 165,1527 165,1526 162,1526 162,1525 159,1525 159,1524 156,1524 156,1523 153,1523 153,1522 150,1522 150,1521 147,1521 147,1520 144,1520 144,1519 141,1519 141,1518 138,1518 138,1517 135,1517 135,1516 132,1516 132,1515 129,1515 129,1514 126,1514 126,1513 123,1513 123,1512 120,1512 120,1511 117,1511 117,1510 114,1510 114,1509 111,1509 111,1508 108,1508 108,1507 105,1507 105,1502 104,1502 104,1498 103,1498 103,1493 102,1493 102,1489 101,1489 101,1484 100,1484 100,1480 99,1480 99,1476 98,1476 105,1476 105,1475 112,1475 112,1474 119,1474 119,1473 126,1473 126,1472 133,1472 133,1471 140,1471 140,1470 147,1470 147,1469 154,1469 154,1468 161,1468 161,1467 168,1467 168,1466 175,1466 175,1465 182,1465 182,1464 189,1464 189,1463 196,1463 196,1462 203,1462 203,1461 210,1461 210,1460 217,1460 217,1459 224,1459 224,1458 231,1458 231,1457 238,1457 238,1456 245,1456 245,1455 252,1455 252,1454 258,1454 258,1453 258,1454 275,1454 275,1455 292,1455 292,1456 308,1456 308,1457 325,1457 325,1458 342,1458 342,1459 358,1459 358,1460 375,1460 375,1461 391,1461 391,1462 408,1462 408,1463 425,1463 425,1464 441,1464 441,1465 605,1465 605,1464 670,1464 670,1463 735,1463 735,1462 801,1462 801,1461 866,1461 866,1460 931,1460 931,1459 996,1459 996,1458 1062,1458 1062,1457 1127,1457 1127,1456 1192,1456 1192,1455 1257,1455 1257,1454 1323,1454 1323,1453 1388,1453 1388,1452 1453,1452 1453,1451 1518,1451" />
        <TextEquiv>
          <Unicode>­:es of rapacity as are the ^ Case of indigence the indelible</Unicode>
        </TextEquiv>
      </TextLine>
      <TextLine id="4665">
        <Coords points="174,1611 175,1611 202,1638 206,1638 207,1639 208,1639 211,1642 1671,1642 1683,1654 1751,1654 1752,1655 1754,1655 1755,1656 1756,1656 1757,1657 1758,1657 1759,1658 1760,1658 1762,1660 1763,1660 1766,1663 1766,1664 1767,1665 1767,1666 1768,1667 1768,1681 1764,1685 1764,1686 1763,1686 1762,1687 1761,1687 1760,1688 1755,1688 1754,1689 1754,1690 1753,1690 1752,1691 1742,1691 1741,1692 1694,1692 1693,1693 1642,1693 1640,1695 1605,1695 1604,1696 1600,1696 1599,1697 1598,1697 1597,1698 1465,1698 1462,1701 1397,1701 1396,1702 1395,1702 1393,1704 1371,1704 1370,1705 1367,1705 1366,1706 1341,1706 1312,1735 184,1735 124,1685 105,1682 108,1655 157,1628" />
        <TextEquiv>
          <Unicode>Stigma seems liable to this dilemma. Either it will have</Unicode>
        </TextEquiv>
      </TextLine>
      <TextLine id="4666">
        <Coords points="130,1889 98,1883 100,1857 126,1817 155,1808 157,1808 191,1819 192,1821 224,1833 226,1833 266,1807 303,1816 312,1817 349,1824 360,1824 360,1825 410,1817 428,1819 430,1819 464,1826 478,1828 582,1817 712,1826 714,1826 858,1828 1039,1821 1103,1819 1105,1817 1157,1807 1162,1807 1192,1817 1196,1825 1207,1842 1242,1833 1296,1816 1307,1816 1328,1828 1383,1807 1392,1808 1405,1828 1455,1810 1464,1810 1560,1805 1766,1792 1787,1869 1764,1882 1746,1882 1380,1896 1378,1896 1333,1919 1332,1921 1301,1919 1300,1917 1260,1901 1249,1901 1250,1901 1012,1901 716,1908 658,1933 653,1932 619,1905 585,1896 571,1896 560,1898 548,1898 541,1900 416,1898 389,1917 387,1917 366,1914 360,1885 355,1885 271,1892 241,1907 237,1907 210,1899 207,1898 200,1882 157,1885 123,1891" />
        <TextEquiv>
          <Unicode>the effect of excluding the criminal out of all honest So=</Unicode>
        </TextEquiv>
      </TextLine>
      <TextLine id="4667">
        <Coords points="147,2004 173,2004 174,2005 176,2005 179,2008 1495,2008 1497,2010 1713,2010 1739,2036 1742,2036 1743,2037 1756,2037 1757,2038 1759,2038 1762,2041 1762,2043 1763,2044 1763,2045 1762,2046 1762,2048 1761,2049 1761,2050 1760,2051 1760,2052 1759,2053 1734,2053 1733,2054 1665,2054 1664,2055 1662,2055 1661,2056 1641,2056 1640,2057 1590,2057 1589,2058 1569,2058 1568,2059 1567,2059 1565,2061 1563,2061 1561,2063 1560,2063 1559,2064 1485,2064 1484,2065 1481,2065 1480,2066 1478,2066 1477,2067 1326,2067 1306,2087 563,2087 554,2096 553,2096 552,2097 237,2097 212,2123 112,2069 107,2039" />
        <TextEquiv>
          <Unicode>:ciety or not. If it has he must either perish or enter</Unicode>
        </TextEquiv>
      </TextLine>
      <TextLine id="4668">
        <Coords points="164,2271 112,2269 103,2258 116,2237 146,2214 157,2212 201,2208 208,2208 262,2225 275,2226 280,2226 417,2223 430,2223 503,2217 507,2214 599,2196 610,2198 617,2198 871,2205 898,2205 1008,2198 1035,2198 1394,2194 1480,2189 1482,2189 1505,2196 1507,2200 1528,2223 1532,2223 1582,2217 1607,2187 1646,2176 1680,2187 1683,2191 1714,2201 1725,2201 1789,2217 1782,2242 1769,2242 1728,2257 1696,2285 1694,2285 1657,2275 1632,2257 1623,2258 825,2276 767,2283 446,2276 400,2325 380,2317 376,2280 337,2278 301,2319 280,2308 276,2276 212,2267 151,2269" />
        <TextEquiv>
          <Unicode>into a gang with others in the same condition and go</Unicode>
        </TextEquiv>
      </TextLine>
      <TextLine id="4669">
        <Coords points="817,2392 836,2394 929,2394 931,2396 1132,2396 1136,2400 1149,2400 1159,2410 1260,2410 1261,2411 1262,2411 1270,2419 1495,2419 1495,2420 1496,2421 1582,2421 1593,2432 1764,2398 1788,2432 1788,2441 1799,2452 1799,2457 1796,2460 1795,2460 1793,2462 1792,2462 1790,2464 1789,2464 1786,2467 1783,2467 1782,2468 1653,2468 1632,2489 1631,2489 1630,2490 523,2451 491,2494 378,2498 382,2453 112,2446 116,2419 360,2387 762,2378" />
        <TextEquiv>
          <Unicode>on robbing, for a Subsistence. If it has not, the danger is,</Unicode>
        </TextEquiv>
      </TextLine>
      <TextLine id="4670">
        <Coords points="1165,2571 1185,2591 1616,2591 1617,2592 1655,2601 1666,2624 1610,2651 1614,2669 833,2673 610,2639 591,2687 550,2685 508,2685 492,2644 333,2637 249,2691 99,2635 110,2598 119,2587 649,2571" />
        <TextEquiv>
          <Unicode>lest, by becoming familiar, it should fall into contempt.</Unicode>
        </TextEquiv>
      </TextLine>
      <TextLine id="4671">
        <Coords points="353,2778 367,2805 478,2807 1669,2811 1777,2811 1803,2832 1791,2864 1371,2899 951,2876 878,2910 680,2896 542,2876 346,2860 283,2846 339,2800 339,2796 340,2795 340,2794 345,2789 345,2786 346,2785 346,2782 347,2781 349,2781 351,2779 352,2779" />
        <TextEquiv>
          <Unicode>In the Case of Coining this dilemma applies not with</Unicode>
        </TextEquiv>
      </TextLine>
      <TextLine id="4672">
        <Coords points="150,3089 121,3083 117,3082 114,3053 103,3033 117,3017 219,3012 221,3010 275,2989 301,3003 337,2978 367,2996 394,3010 403,3010 466,3014 528,2989 530,2989 555,2994 560,2996 591,2994 623,2987 651,2999 653,3000 748,3025 792,2998 796,2998 930,3008 935,3008 987,2998 1026,2996 1058,3014 1173,3021 1244,2996 1269,2998 1317,3016 1350,3016 1437,3001 1439,3001 1508,3003 1512,3003 1657,2998 1716,2982 1730,2964 1753,2967 1787,3007 1787,3014 1782,3044 1769,3046 1767,3046 1503,3053 1503,3055 1246,3067 725,3073 689,3078 678,3074 678,3075 662,3067 657,3067 449,3071 446,3071 325,3075 308,3096 307,3096 264,3092 248,3062 246,3062 169,3066 164,3071 148,3089" />
        <TextEquiv>
          <Unicode>equal force. A coiner, it should seem does not seem so cri=</Unicode>
        </TextEquiv>
      </TextLine>
      <TextLine id="4673">
        <Coords points="1658,3154 1674,3170 1780,3170 1781,3171 1781,3173 1777,3177 1777,3179 1776,3180 1776,3181 1775,3182 1775,3183 1773,3185 1773,3186 1772,3187 1772,3188 1771,3189 1771,3190 1770,3191 1770,3192 1767,3195 1766,3195 1765,3196 1764,3196 1763,3197 1761,3197 1760,3198 1759,3198 1758,3199 1754,3199 1753,3200 1630,3200 1629,3201 1627,3201 1626,3202 1608,3202 1607,3203 1606,3203 1605,3204 1589,3204 1588,3205 1587,3205 1549,3243 1548,3243 1547,3244 1329,3244 1316,3257 1315,3257 1314,3258 1312,3258 1311,3259 871,3259 861,3269 859,3269 858,3270 819,3237 191,3232 85,3226 116,3187 194,3162 1423,3151 1585,3178 1596,3153" />
        <TextEquiv>
          <Unicode>:minal either in his own eyes or in those of his neighbours</Unicode>
        </TextEquiv>
      </TextLine>
      <TextLine id="4674">
        <Coords points="126,3425 91,3425 92,3407 103,3389 142,3383 144,3383 208,3380 212,3378 242,3346 271,3341 312,3342 316,3341 353,3337 376,3337 416,3341 421,3346 446,3373 458,3371 508,3364 564,3335 571,3335 632,3341 642,3341 721,3348 726,3348 764,3323 769,3323 824,3328 837,3328 955,3339 966,3339 1098,3358 1108,3358 1267,3350 1537,3350 1700,3330 1767,3328 1794,3348 1814,3391 1814,3392 1783,3407 1771,3408 1496,3419 1455,3448 1401,3433 1401,3435 1375,3442 1332,3412 1330,3412 1162,3416 776,3423 764,3424 764,3425 639,3428 607,3437 573,3419 564,3421 371,3428 369,3428 342,3458 310,3457 300,3421 135,3428" />
        <TextEquiv>
          <Unicode>as a Thief or Sharper. His crime is not so repugnant as theirs</Unicode>
        </TextEquiv>
      </TextLine>
      <TextLine id="4675">
        <Coords points="1769,3469 1769,3470 1772,3470 1772,3471 1775,3471 1775,3472 1778,3472 1778,3473 1781,3473 1781,3474 1783,3474 1783,3475 1786,3475 1786,3476 1789,3476 1789,3477 1792,3477 1792,3478 1795,3478 1795,3479 1797,3479 1797,3480 1800,3480 1800,3481 1803,3481 1803,3482 1806,3482 1806,3483 1808,3483 1808,3487 1809,3487 1809,3491 1810,3491 1809,3491 1809,3497 1808,3497 1808,3502 1807,3502 1807,3507 1806,3507 1806,3512 1805,3512 1805,3517 1802,3517 1802,3518 1800,3518 1800,3519 1798,3519 1798,3520 1795,3520 1795,3521 1793,3521 1793,3522 1791,3522 1791,3523 1789,3523 1789,3524 1786,3524 1786,3525 1784,3525 1784,3526 1782,3526 1782,3527 1780,3527 1780,3528 1778,3528 1778,3529 1776,3529 1776,3530 1770,3530 1770,3531 1765,3531 1765,3532 1760,3532 1760,3533 1755,3533 1755,3534 1750,3534 1750,3535 1750,3533 1749,3533 1749,3532 1748,3532 1748,3531 1747,3531 1747,3530 1746,3530 1746,3529 1745,3529 1745,3528 1744,3528 1744,3527 1743,3527 1743,3526 1541,3526 1541,3532 1542,3532 1541,3532 1541,3535 1537,3535 1537,3536 1533,3536 1533,3537 1529,3537 1529,3538 1525,3538 1525,3539 1521,3539 1521,3540 1518,3540 1518,3541 1514,3541 1514,3542 1510,3542 1510,3543 1506,3543 1506,3544 1502,3544 1502,3545 1499,3545 1499,3546 1495,3546 1495,3547 1491,3547 1491,3548 1487,3548 1487,3549 1483,3549 1483,3550 1480,3550 1480,3551 1475,3551 1475,3552 1471,3552 1471,3553 1466,3553 1466,3554 1462,3554 1462,3555 1458,3555 1458,3556 1453,3556 1453,3557 1449,3557 1449,3558 1445,3558 1445,3559 1440,3559 1440,3560 1436,3560 1436,3561 1431,3561 1431,3562 1427,3562 1427,3563 1423,3563 1423,3564 1418,3564 1418,3565 1414,3565 1414,3566 1410,3566 1410,3567 1402,3567 1402,3568 1397,3568 1397,3569 1392,3569 1392,3570 1388,3570 1388,3571 1383,3571 1383,3572 1378,3572 1378,3573 1373,3573 1373,3574 1369,3574 1369,3575 1364,3575 1364,3576 1359,3576 1359,3577 1355,3577 1355,3578 1355,3577 1351,3577 1351,3576 1347,3576 1347,3575 1344,3575 1344,3574 1340,3574 1340,3573 1337,3573 1337,3572 1333,3572 1333,3571 1330,3571 1330,3570 1326,3570 1326,3569 1323,3569 1323,3568 1321,3568 1321,3567 1319,3567 1319,3566 1318,3566 1318,3565 1316,3565 1316,3564 1310,3564 1310,3563 1308,3563 1308,3562 1307,3562 1307,3561 1306,3561 1306,3560 1304,3560 1304,3559 1303,3559 1303,3558 1302,3558 1302,3557 1301,3557 1301,3556 1299,3556 1299,3555 1298,3555 1298,3554 1297,3554 1297,3553 1296,3553 1296,3552 1294,3552 1294,3551 1293,3551 1293,3550 1292,3550 1292,3549 1290,3549 1290,3548 1289,3548 1289,3547 1288,3547 1288,3546 1287,3546 1287,3545 1285,3545 1285,3544 1284,3544 1284,3543 1283,3543 1283,3542 1282,3542 1283,3542 1283,3537 1284,3537 1284,3533 1285,3533 1285,3529 1286,3529 1286,3525 1287,3525 1287,3521 1288,3521 1288,3517 1289,3517 1289,3513 1290,3513 1290,3509 1291,3509 1291,3505 1292,3505 1292,3501 1294,3501 1294,3500 1296,3500 1296,3499 1298,3499 1298,3498 1300,3498 1300,3497 1302,3497 1302,3496 1304,3496 1304,3495 1306,3495 1306,3494 1308,3494 1308,3493 1310,3493 1310,3492 1311,3492 1311,3491 1313,3491 1313,3490 1315,3490 1315,3489 1317,3489 1317,3488 1319,3488 1319,3487 1321,3487 1321,3486 1323,3486 1323,3485 1325,3485 1325,3484 1327,3484 1327,3483 1328,3483 1328,3482 1456,3482 1456,3481 1458,3481 1458,3480 1461,3480 1461,3479 1464,3479 1464,3478 1466,3478 1466,3477 1469,3477 1469,3476 1472,3476 1472,3475 1474,3475 1474,3474 1478,3474 1478,3473 1478,3474 1483,3474 1483,3475 1488,3475 1488,3476 1493,3476 1493,3477 1497,3477 1497,3478 1502,3478 1502,3479 1507,3479 1507,3480 1512,3480 1512,3481 1516,3481 1516,3482 1521,3482 1521,3483 1526,3483 1526,3484 1531,3484 1531,3485 1535,3485 1535,3492 1536,3492 1536,3496 1738,3496 1738,3493 1739,3493 1739,3491 1741,3491 1741,3490 1742,3490 1742,3489 1744,3489 1744,3488 1745,3488 1745,3487 1746,3487 1746,3486 1748,3486 1748,3485 1749,3485 1749,3484 1750,3484 1750,3483 1752,3483 1752,3482 1753,3482 1753,3481 1754,3481 1754,3480 1756,3480 1756,3479 1757,3479 1757,3478 1759,3478 1759,3477 1760,3477 1760,3476 1761,3476 1761,3475 1763,3475 1763,3474 1764,3474 1764,3473 1765,3473 1765,3472 1767,3472 1767,3471 1768,3471 1768,3470 1769,3470" />
        <TextEquiv>
          <Unicode>depraved +</Unicode>
        </TextEquiv>
      </TextLine>
      <TextLine id="4676">
        <Coords points="1703,3535 1703,3536 1719,3536 1719,3537 1734,3537 1734,3538 1749,3538 1749,3539 1765,3539 1765,3540 1780,3540 1780,3541 1795,3541 1795,3542 1810,3542 1810,3546 1811,3546 1811,3549 1812,3549 1812,3552 1813,3552 1813,3555 1814,3555 1814,3559 1815,3559 1815,3562 1816,3562 1816,3565 1817,3565 1817,3568 1818,3568 1818,3572 1819,3572 1819,3575 1820,3575 1820,3578 1821,3578 1821,3581 1822,3581 1822,3585 1823,3585 1823,3588 1824,3588 1824,3591 1825,3591 1825,3594 1826,3594 1825,3594 1825,3619 1825,3618 1813,3618 1813,3617 1802,3617 1802,3616 1700,3616 1700,3617 1694,3617 1694,3618 1688,3618 1688,3619 1682,3619 1682,3620 1676,3620 1676,3621 1670,3621 1670,3622 1664,3622 1664,3623 1661,3623 1661,3624 1658,3624 1658,3625 1654,3625 1654,3626 1651,3626 1651,3627 1648,3627 1648,3628 1645,3628 1645,3629 1641,3629 1641,3630 1638,3630 1638,3631 1635,3631 1635,3632 1632,3632 1632,3633 1617,3633 1617,3632 1607,3632 1607,3631 1597,3631 1597,3630 1490,3630 1490,3631 1480,3631 1480,3632 1469,3632 1469,3633 1459,3633 1459,3634 1448,3634 1448,3635 1438,3635 1438,3636 1427,3636 1427,3637 1417,3637 1417,3638 1407,3638 1407,3639 1330,3639 1330,3655 1328,3655 1328,3656 1326,3656 1326,3657 1325,3657 1325,3658 1323,3658 1323,3659 1321,3659 1321,3660 1320,3660 1320,3661 1318,3661 1318,3662 1316,3662 1316,3663 1315,3663 1315,3664 1313,3664 1313,3665 1312,3665 1312,3666 1312,3665 1292,3665 1292,3664 1271,3664 1271,3662 1270,3662 1270,3660 1269,3660 1269,3658 1268,3658 1268,3656 1267,3656 1267,3654 1266,3654 1266,3653 1265,3653 1265,3651 1264,3651 1264,3649 1263,3649 1263,3647 1262,3647 1262,3645 1261,3645 1261,3644 1260,3644 1260,3635 1128,3635 1128,3636 1032,3636 1032,3637 1010,3637 1010,3638 1007,3638 1007,3639 983,3639 983,3640 960,3640 960,3641 936,3641 936,3642 913,3642 913,3643 889,3643 889,3644 866,3644 866,3645 842,3645 842,3646 819,3646 819,3647 795,3647 795,3648 772,3648 772,3649 748,3649 748,3650 725,3650 725,3651 701,3651 701,3652 678,3652 678,3653 675,3653 675,3652 666,3652 666,3651 557,3651 557,3652 555,3652 555,3653 554,3653 554,3654 552,3654 552,3655 551,3655 551,3656 549,3656 549,3657 548,3657 548,3658 547,3658 547,3659 546,3659 546,3660 545,3660 545,3661 544,3661 544,3662 540,3662 540,3663 536,3663 536,3664 532,3664 532,3665 528,3665 528,3666 525,3666 525,3667 521,3667 521,3668 517,3668 517,3669 513,3669 513,3670 510,3670 510,3671 510,3670 507,3670 507,3669 505,3669 505,3667 504,3667 504,3666 503,3666 503,3664 502,3664 502,3663 501,3663 501,3661 500,3661 500,3660 499,3660 499,3658 498,3658 498,3657 497,3657 497,3655 496,3655 496,3654 495,3654 495,3652 494,3652 494,3651 493,3651 493,3649 492,3649 492,3648 491,3648 491,3646 490,3646 490,3645 489,3645 489,3643 488,3643 488,3642 487,3642 487,3640 486,3640 486,3639 485,3639 485,3637 484,3637 484,3636 483,3636 483,3634 482,3634 482,3633 481,3633 481,3632 303,3632 303,3633 280,3633 280,3634 258,3634 258,3635 236,3635 236,3636 220,3636 220,3637 214,3637 214,3635 167,3635 167,3633 166,3633 166,3632 165,3632 165,3630 164,3630 164,3629 163,3629 163,3627 162,3627 162,3626 161,3626 161,3625 160,3625 161,3625 161,3619 162,3619 162,3613 163,3613 163,3607 164,3607 164,3601 165,3601 165,3595 166,3595 166,3589 168,3589 168,3588 169,3588 169,3587 170,3587 170,3586 171,3586 171,3585 173,3585 173,3584 174,3584 174,3583 175,3583 175,3582 176,3582 176,3581 178,3581 178,3580 179,3580 179,3579 180,3579 180,3578 181,3578 181,3577 183,3577 183,3576 184,3576 184,3575 185,3575 185,3574 186,3574 186,3573 188,3573 188,3572 189,3572 189,3571 190,3571 190,3570 191,3570 191,3569 208,3569 208,3568 225,3568 225,3567 239,3567 239,3566 253,3566 253,3565 267,3565 267,3564 267,3565 282,3565 282,3566 297,3566 297,3567 312,3567 312,3569 313,3569 313,3570 314,3570 314,3572 315,3572 315,3573 316,3573 316,3574 419,3574 419,3573 421,3573 421,3572 422,3572 422,3571 423,3571 423,3570 425,3570 425,3569 426,3569 426,3568 428,3568 428,3567 429,3567 429,3566 430,3566 430,3565 432,3565 432,3564 433,3564 433,3563 435,3563 435,3562 436,3562 436,3561 437,3561 437,3560 439,3560 439,3559 440,3559 440,3558 441,3558 441,3557 441,3558 443,3558 443,3559 445,3559 445,3560 447,3560 447,3561 449,3561 449,3562 554,3562 554,3561 555,3561 555,3560 556,3560 556,3559 557,3559 557,3558 558,3558 558,3557 559,3557 559,3556 560,3556 560,3555 561,3555 561,3554 562,3554 562,3553 563,3553 563,3552 564,3552 564,3551 570,3551 570,3550 575,3550 575,3549 580,3549 580,3548 586,3548 586,3547 591,3547 591,3546 596,3546 596,3545 601,3545 601,3544 601,3545 605,3545 605,3546 608,3546 608,3547 611,3547 611,3548 614,3548 614,3549 617,3549 617,3550 620,3550 620,3551 623,3551 623,3552 626,3552 626,3553 629,3553 629,3554 632,3554 632,3555 637,3555 637,3556 640,3556 640,3557 643,3557 643,3558 646,3558 646,3559 649,3559 649,3560 652,3560 652,3561 655,3561 655,3562 658,3562 658,3563 661,3563 661,3564 664,3564 664,3565 667,3565 667,3566 670,3566 670,3567 673,3567 673,3568 676,3568 676,3569 680,3569 680,3570 685,3570 685,3571 791,3571 791,3570 792,3570 792,3569 793,3569 793,3568 795,3568 795,3567 796,3567 796,3566 797,3566 797,3565 798,3565 798,3564 800,3564 800,3563 801,3563 801,3562 802,3562 802,3561 803,3561 803,3560 843,3560 843,3559 878,3559 878,3558 957,3558 957,3557 962,3557 962,3558 1053,3558 1053,3559 1056,3559 1056,3560 1058,3560 1058,3561 1067,3561 1067,3562 1075,3562 1075,3563 1084,3563 1084,3564 1092,3564 1092,3565 1196,3565 1196,3564 1202,3564 1202,3563 1207,3563 1207,3562 1226,3562 1226,3563 1229,3563 1229,3564 1232,3564 1232,3565 1234,3565 1234,3566 1237,3566 1237,3567 1240,3567 1240,3568 1242,3568 1242,3569 1245,3569 1245,3570 1248,3570 1248,3571 1250,3571 1250,3572 1253,3572 1253,3573 1397,3573 1397,3572 1400,3572 1400,3571 1405,3571 1405,3570 1409,3570 1409,3569 1414,3569 1414,3568 1418,3568 1418,3567 1423,3567 1423,3566 1427,3566 1427,3565 1432,3565 1432,3564 1436,3564 1436,3563 1440,3563 1440,3562 1445,3562 1445,3561 1449,3561 1449,3560 1454,3560 1454,3559 1458,3559 1458,3558 1463,3558 1463,3557 1467,3557 1467,3556 1471,3556 1471,3555 1471,3556 1576,3556 1576,3555 1577,3555 1577,3554 1579,3554 1579,3553 1581,3553 1581,3552 1582,3552 1582,3551 1584,3551 1584,3550 1585,3550 1585,3549 1587,3549 1587,3548 1589,3548 1589,3547 1590,3547 1590,3546 1592,3546 1592,3545 1593,3545 1593,3544 1595,3544 1595,3543 1597,3543 1597,3542 1598,3542 1598,3541 1600,3541 1600,3540 1601,3540 1601,3539 1650,3539 1650,3538 1694,3538 1694,3537 1699,3537 1699,3536 1703,3536" />
        <TextEquiv>
          <Unicode>to the social feelings: it indicates not so ^ corrupt a disposition.</Unicode>
        </TextEquiv>
      </TextLine>
      <TextLine id="4677">
        <Coords points="164,3828 141,3814 133,3789 133,3766 148,3751 183,3758 189,3758 219,3757 271,3760 275,3760 319,3776 357,3776 508,3773 525,3774 525,3775 558,3771 612,3748 617,3748 637,3767 648,3767 691,3749 700,3748 733,3769 739,3769 767,3757 814,3771 819,3771 867,3746 871,3746 969,3760 969,3762 1057,3769 1067,3764 1125,3753 1135,3757 1146,3757 1305,3748 1317,3748 1374,3744 1400,3744 1564,3737 1566,3737 1787,3757 1808,3798 1808,3800 1662,3816 1648,3814 1637,3814 1382,3826 1362,3826 1294,3841 1260,3864 1241,3855 1212,3832 1207,3832 1183,3837 1141,3849 1119,3849 1117,3850 1037,3832 1026,3830 994,3830 867,3833 842,3855 799,3855 800,3855 769,3824 758,3824 758,3825 614,3833 528,3839 526,3839 412,3826 401,3824 373,3824 373,3825 200,3825 162,3826" />
        <TextEquiv>
          <Unicode>he has no near prospect of the unhappiness he is instumen=</Unicode>
        </TextEquiv>
      </TextLine>
      <TextLine id="4678">
        <Coords points="1573,3939 1566,3912 1578,3889 1614,3873 1662,3873 1685,3880 1701,3919 1694,3939 1658,3942 1571,3941" />
        <TextEquiv>
          <Unicode>tal</Unicode>
        </TextEquiv>
      </TextLine>
    </TextRegion>
  </Page>
</PcGts>