2731 4096
337 261 1885 408 Of Irreparable Personal Injuries.
988 430 1282 495 10 5
312 521 1918 620 3. In adjusting the punishment to the Offence, the turn
219 713 1906 811 of the scale ought in this case to be against the criminal;
220 842 1874 1019 where he cannot be made to suffer precisely the same
219 1050 1852 1171 mischief he shall suffer a greater, rather than a less.
1024 1201 1264 1282 11 6
1634 1255 1714 1325 of
308 1279 1922 1399 4. With regard to the members injured, if ^ such as are
228 1461 1904 1568 naturally double the party injured had but one, the of=­
208 1642 1881 1764 :­fender ought to lose both his own. This is the case
224 1828 1876 1940 for instance with the eyes, the hands, and so upwards,
967 1952 1971 2061 testiculis in masculo, mammillisque
227 2022 1855 2109 the feet and so upwards; the testicles in men and the
227 2140 562 2238 in faemina .
228 2217 814 2304 breasts in women.
1022 2237 1300 2334 12. 7
1078 2281 1692 2352 in laesevit
485 2320 1904 2438 Quod si vir faeminam ^ mammillis <gap/> , suis
315 2394 1908 2520 5. If a man cut off the breasts of a woman, it is
428 2480 608 2552 plecti
215 2517 1897 2617 ipsum <gap/> <gap/> non satis est: quandoquidem in
208 2580 1917 2694 not enough that he loses his breasts for his breasts have
587 2678 692 2722 est
220 2694 1924 2792 masculo non habent est mammillis facultatum specifica, sicut in
214 2755 1920 2834 faemina ... Hoc casu cedire possunt, pro mammillis testi­
228 2791 1940 2891 no specific facility as a woman's have. He may be made
217 2905 368 2965 ­culi.
201 2954 861 3061 to lose his Testicles.
1045 3051 1360 3138 13 8
316 3093 1926 3251 6. If one who is left-handed cut off the right hand of one
214 3302 1842 3444 who is right-handed, he shall lose his own left hand.
1062 3438 1344 3520 14. 9
302 3506 1922 3614 7. If with a view of depriving a man of his livelyhood
218 3699 1941 3799 an offender deprive him of the use of one or both of the mem=­
220 3834 1900 3982 ­:bers which are principally of use to him in getting his
1620 3928 1928 4020 livelyhood,
