2731 4096
177 79 236 157 8
932 228 1634 332 Of Defraudment
844 255 2512 415 Of Sharping or Fraudulent Obtainment.
650 411 952 507 From p. 1
762 464 2588 623 [(C) Concerned] See Tit. of Associates in Delinquency.
1336 672 1413 734 2.
751 687 2577 848 [(D) Obtaining] ^ It matters not whether the thing ob=
779 874 2581 978 :tained were in being at the time that the contriv=
782 1021 2558 1146 :ance for obtaining it began to be employed or
789 1173 2564 1291 whether part of the contrivance was to cause it
787 1340 2550 1468 or a part of it to be brought into existence: as
791 1493 2504 1605 if a man prevail on you to make or execute
798 1643 1759 1769 a deed to your prejudice.
810 1826 2554 1931 3. It matters not whether the thing when ob=
1105 1950 1278 2005 were
790 1970 2536 2072 :tained be delivered to the offender himself or
788 2137 2550 2237 not; whether it come into his custody or not;
796 2297 2602 2400 as if a man having prevailed on You to execute
793 2436 2548 2573 a deed to the prejudice of your natural heirs,
791 2620 2541 2722 a Will for example, leaves it in your custody,
786 2769 2545 2883 or gets You to deposit it with a third person.
2101 2837 2410 2927 To p. 4.
734 2930 2578 3077 [(E) Money's worth] Or a thing that has a Value
778 3070 2498 3247 worth regarding. See Theft. Notes ( ) and ( )
742 3221 2136 3402 [(F) Amenable] See Theft Note ( )
1344 3400 1653 3487 Excuses
853 3521 2208 3618 Are the same as in Theft: which see.
1323 3648 1896 3765 Aggravations
864 3763 2200 3953 Are the same as in Theft: which See.
