2731 4096
889 124 1158 208 c P.
276 213 1936 403 Of Simple Mercantile FDefraudsment.
632 387 810 440 oath
280 417 1897 530 Upon an application made by any person of his
168 472 1882 591 having commission of a mercantile fraud, let the Judge, if he
167 547 1085 621 think proper grant a warrant
168 565 1918 691 or searching the shop or warehouse to know whether there
185 714 1900 855 be any more such adulterate or damaged Wares; if there
187 963 1916 1062 be (whether of the kind in question or any other,) let the whole
189 1159 1863 1260 quantity be either confiscated or destroyed as there is
187 1352 1890 1452 occasion: and let the dealer suffer as for those articles
190 1551 1897 1652 which he has sold. The Judge should have power to
193 1759 1339 1847 examine all persons upon the spot.
409 1974 1892 2101 But to guard against partialities, there should
195 2180 1904 2290 either be at least two Judges, or if there be but one he
189 2338 1881 2486 should be accompanied by some indifferent persons in
203 2579 1974 2694 the capacity of Assessors; or the Master of the Shop might
931 2727 1188 2788 to call
211 2779 1925 2905 have it in his power of calling in any one or two per=
216 2986 1934 3105 :sons whom he should happen to see passing by, and
218 3189 1929 3318 who should be present, if he thought proper, during the
226 3398 1570 3487 whole time of the search and examination.
439 3618 1962 3743 In this case either the Judge or Judges should have
233 3830 1957 3938 power to make a record of the whole matter upon the spot
1817 3958 1907 4010 or
