2731 4096
433 176 1664 355 Of Culpable Insolvency.
175 452 346 511 strange
161 510 1894 613 ^ expedient for promoting industry . It is a rare case indeed if a Man
201 679 1565 771 can work as well in a prison as he could at large.
350 869 1912 987 If a man has a turn for industry the first use he would make
204 1062 1927 1173 of the spare produce of it would certainly be to get rid of his badge.
200 1227 1900 1324 If he has not a turn for industry, send him to serve the state
204 1414 1901 1518 in a military capacity. If the rest of the soldiery would take it
205 1597 1892 1697 amiss that he should mix with them, continue his badge, keep
205 1765 1908 1876 him apart from the rest, and take away the distinction upon
1135 1888 1235 1956 For
202 1946 1898 2064 experience of his good behaviour. ^ Those for whom the punish=
181 2149 1926 2250 :ment of the badge would not be sufficient, the punishment of
208 2323 1360 2429 military service never could be too great.
1288 2480 1943 2564 punishment of the badge
367 2523 1890 2647 In cases of blame I see not how the ^ former should ever be too
364 2656 2015 2788 to no more than precisely by that <gap/> species and quantity of
211 2715 1913 2828 severe. If it exposes a Man to disgrace it is ^ only to the disgrace
224 2879 1888 2990 which arises out of the Offence : it punishes him no otherwise
226 3048 1524 3160 than by making known what he has done.
417 3256 1874 3394 With regard to some of the species of culpable Insolvency
222 3473 1912 3562 as above distinguished, it will be observed, that the fact of the de=
205 3638 1921 3724 :linquency is made to consist rather in a continued habit than in a
991 3783 1098 3824 Now
224 3821 1927 3931 determinate instantaneous act. ^ Of such offences the idea will necessa=
1755 3930 1953 3998 :rily
