2731 4096
885 264 2126 409 Frauds relative to the Coin.
809 529 2378 646 according to the Rules by that authority prescribed.
817 745 2462 873 [(F) Confederacy] In the following cases a man shall be
998 917 1133 973 to be
809 947 2498 1055 deemed ^ concerned in diminishing or counterfeiting the coin
802 1121 2491 1242 or in confederacy with those who are: ^ 1.  If for the sake of
795 1324 2492 1426 gain he be knowingly concerned in exporting or contracting
798 1518 2519 1618 to export out of the dominions of the State any diminished
800 1700 2051 1796 or counterfeited Coin knowing it so to be.
877 1892 2480 2008 2. If for the sake of gain he be knowingly concerned
807 2080 2496 2183 in importing or in contracting to import into the dominions
812 2246 2492 2368 of the State any diminished or counterfeited Coin knowing
855 2430 926 2480 so
814 2466 1153 2567 it ^ to be so.
903 2630 2504 2750 3. If with a view to gain he have in his possession any
818 2817 2519 2923 quantity of diminished or counterfeit Coin knowing it
822 3017 2502 3112 to be so and not having received it from some person
836 3203 2506 3305 who had innocently received it as undiminished and
816 3412 1112 3521 genuine.
998 3530 2421 3660 If any person utters any altered or counterfeit Coin
846 3725 2531 3824 knowing it so to be and with a view to gain but without
2325 3839 2521 3948 being
