2731 4096
829 217 2168 398 Of Frauds relative to the Coin.
816 600 2461 698 Code. 2. The
1263 751 1482 819 Note.
794 900 2449 989 the same as that for a common fraud to the same amount, is on
786 1062 2485 1149 that account either too much or else too little: if he incurred it,
785 1230 2483 1321 being in confederacy with the Coiners it is then too little: the proper
782 1398 2363 1496 punishment for him is that which is applied to Coiners.
949 1575 2477 1686 I am aware that cases will every now and then occur in which
784 1763 2451 1850 it is necessary for a Legislator to deviate from the strict and even
786 1932 2492 2021 rule of punishment in order to make allowance for the uncertain=
768 2070 2487 2178 :ty of guilt on the one hand, and the mischievous effects of impu=
780 2244 2495 2346 ­:nity on the other. There is a particular name for punishment when
790 2415 2508 2520 inflicted in such cases. By the french Lawyers it is stiled punish=
786 2596 2485 2692 :ment pro modo probationum+; punishment according to the mea=
791 2764 2475 2850 :sure of the proof: punishment reduced in proportion to what the
783 2926 2509 3011 proof wants of being full measure. Such cases then there are, or at
790 3075 2511 3177 lease may be: but, if there be, this I think is hardly of the number.
799 3225 2467 3338 In those cases the supposition is that the defendant is more likely
793 3409 2513 3499 to be guilty than innocent; but here he is infinitely more likely to be
797 3568 1356 3660 innocent than guilty.
1004 3683 2491 3806 If, in the case described by the above statute, any Law carrying
802 3852 2488 3942 such a punishment with it is at all to be justified, it is when the Law
2421 3921 2481 3968 is
