2731 4096
866 252 2277 423 Of Frauds relative to the Coin.
1273 499 1696 607 Reasons.
1047 717 2490 827 An offence of this sort differs nothing from a common
808 866 2479 978 fraud. Now in the case of the sort of Fraud which is com=
805 1067 2492 1186 :mitted by Counterfeiters and Diminishers of the Coin and
807 1238 2489 1351 their Associates the demand for punishment is greater,
785 1415 2492 1561 than in the Case of a common Fraud ; owing to the superi=
801 1607 1992 1702 :or difficulty of detection. See Quest. V.
797 1805 2434 1968 Quest. V. Why the Punishment for Coining is so severe,
1258 2072 1610 2176 Reasons.
862 2292 2489 2410 I. Because the difficulty of detection is greater in the case of
806 2466 2492 2589 Frauds upon the Coin than in the case of Frauds at large, and
789 2655 2219 2769 perhaps of any of the Offences against Property.+
1027 2854 2494 2976 1. The original Offence itself, the operation of diminish=
807 3040 2471 3138 :ing or couterfeiting the Coin, may be carried on at a man's
810 3218 2516 3314 own home: a place where in general no person has a right to
814 3393 2107 3490 come: he may also take his own time for it.
1037 3551 2501 3675 2. As to the derivative Offence, the operation of uttering,
815 3748 2468 3844 this, if conducted with common prudence, may generally be
2246 3880 2461 3937 carried
