2731 4096
528 234 1768 379 Of Excuses Extenuations
402 417 545 505 (A)
214 486 1845 595 Justification in the case, although in reality there was
200 646 1870 764 no such Justification. Such erroneous persuasion is termed
205 810 1875 910 a mis-supposal. In such case although the act should
196 966 1881 1061 have been intentional with regard to the many damages
193 1119 1837 1213 that ensued, yet such intentions may be termed inno=­
198 1257 1937 1418 ­:cent. In such case the author of the damage is exempt
190 1441 1920 1532 from all punishment. But he may be bound to make
196 1601 1901 1710 compensation; which may be adequate or partial, ac=­
181 1775 1567 1880 ­:cording to the circumstances of the parties.
780 1913 1162 2040 Exposition
183 2102 1862 2234 [(A) Justification] There may consequently be just so
192 2312 1897 2415 many grounds of excuse to this kind as there are
183 2458 1921 2614 grounds of Justifications. See Ch. Of Justifications
686 2658 1226 2746 Main Text
1108 2794 1422 2902 extenuation,
628 2843 1898 2989 It is still an Excuse if the mis-approval was
196 3059 1887 3160 sincere, although the grounds on which it proceeded were
195 3212 1899 3321 not probable. In such cases, over and above Compensation
195 3379 1844 3499 let the party be punished more or less according to the
632 3498 737 3582 (+)
203 3551 757 3665 degree of rashness.
846 3619 1239 3755 Exposition
210 3773 1922 3925 [(A) Rashness] Rashness is to mis-approval what heed=­
1705 3910 1925 4000 ­: lessness
