2731 4096
911 231 2335 415 Of Simple Personal Injuries.
705 498 2434 605 that of avoiding the trouble of giving his assistance: for
723 656 2017 775 instance, from malice, wantonness or lucre.
704 787 2428 985 [(H) Forbears] As if a man being asleep by the fire-side,
704 977 2457 1125 his cloathes take fire; and you, instead of endeavouring to
725 1158 1985 1233 put it out, sit still and look at him.
1167 1322 1611 1411 Punishment.
889 1501 2438 1616 for a simple personal Injury the Offender's punish=­
733 1674 1603 1777 ­:ment shall be as follows
1367 1808 1502 1911 (A)
710 1821 2308 1971 1. He may be fined. Fine. This at discretion
2098 1902 2451 2011 at option and
720 1964 2497 2094 2. He may be imprisoned (B) Imprisonment. This also at
802 2065 2497 2165 discretion Binding at option &
720 2107 2472 2228 3. He may be bound to his good behaviour (C). This also
772 2191 1434 2265 at discretion  cases
808 2205 1875 2310 In very atrocious <gap/>, Banishment from (D)
732 2222 2477 2374 4. He may be banished the presence of the party injured
1978 2337 2320 2414 at option and
807 2377 2531 2514 for a certain time, or for ever. This also at discretion.
897 2562 2307 2724 [(A) Fineds] See Tit: [Of Pecuniary Punishment.]
1085 2762 1232 2804 ment.
831 2725 2252 2921 [(B) Imprisoned] See Tit: [Of Imprisonment:]
864 2894 2115 3028 Binding to Binding to
888 2918 2502 3095 [(C) Good Behaviour] See Tit [Of giving Security for one's
725 3121 1400 3281 good Behaviour.]
1732 3254 1987 3327 Presence -
945 3265 2450 3448 [(D) Presence See Tit: [Of - Banishment . from a
724 3468 1422 3610 person's Presence.]
724 3664 1745 3792 [(B) For a simple &c] Observations
802 3771 1102 3862 To. p. 9
