2731 4096
261 198 1878 345 Of Simple Mercantile Defraudment
280 344 750 445 From p. 7. No 1
518 447 1844 554 Why the Judge in the case of mercantile
367 511 1942 670 Why a greater Latitude is given to the Judge with
235 632 1934 770 frauds is intrusted with an option of not punishing,
231 766 1946 865 effect to the punishing of mercantile frauds than with effect to
247 845 1773 960 which he is not intrusted with in the case of
228 922 1368 1007 Theft, Embezzlement, and other Frauds?
825 1101 1117 1180 Reasons
260 1177 1934 1305 1. In order to save responsible offenders from a degree
248 1244 1943 1356 of punishment which, in some instances would be need-
210 1270 1937 1472 ­less. In the Offences of Theft, Embezzlement and ordinary
359 1372 1009 1453 From p. 8. at bottom
348 1419 1966 1558 On the other hand, in the cases of Theft, Embezzlement, & ordinary
612 1472 731 1521 but
202 1467 1876 1625 Sharping it is ^ seldom that any other persons are concerned
221 1706 1915 1816 than such as are totally irresponsible: against these therefore a
223 1894 1443 1976 corporal punishment is the sole resource.
474 2090 1954 2187 Now and then indeed it does happen that a respon=
210 2272 1934 2370 :sible person engages in those mean offences, but in such case
221 2456 1924 2558 he is so degraded in the eye of the world, as to be reduced in
218 2640 1940 2739 point of estimation to a level with those who have indi=
232 2829 1929 2935 :gence to plead for their excuse: if therefore he were to be
229 3021 2008 3128 exempted from sharing the same degree of legal infamy, it
232 3216 1947 3307 would probably be looked upon by the people as an im=
228 3403 1983 3492 :proper partiality shewn to opulence. Infamous punishment
234 3592 1986 3692 may therefore be made a constant ingredient in the punish=
519 3718 692 3779 such
239 3769 2013 3881 :ment for offences of this stamp, without any inconvenience
240 3889 758 3995 worth regarding.
1748 3869 1959 3996 With
