2731 4096
447 218 1789 365 Of Matrimonial Disturbance.
216 497 1863 606 2. Where the Husband openly cohabits with another Woman
194 682 1883 782 in the same house in which he would have his Wife
190 868 374 958 to be.
238 1015 1881 1171 3. Where she hath no sufficient maintenance of her own and
193 1202 1532 1341 her Husband cannot or will not give her any.
335 1361 1189 1504 Extenuations Excuses are
298 1604 1775 1728 The same as in Simple Personal Injuries: which See.
1164 1748 1477 1828 Extenuation
420 1791 1899 1912 Where there is matter of Excuse Compensation may be
199 1987 1878 2103 reduced or denied and costs on both sides may be distributed
201 2165 1132 2279 at the discretion of the Judge.
