2731 4096
1068 220 2126 386 Of Culpable Insolvency.
851 553 2517 663 2. Where he represented himself as having a probable chance upon
1664 635 2474 761 fallacious good
820 719 2508 828 grounds which eventually proved false , and which he had no ^ reason
799 844 1602 904 at the time however
797 870 2516 1012 ^ to trust to, but which ^ he did trust to in effect and think them
814 1029 2511 1168 probable. In this case the debt may be said to have been contracted
1370 1194 1555 1251 we see,
812 1208 2513 1377 rashly. In this case, ^ it is his understanding that was in fault.
830 1453 2468 1565 3. Where he became afterwards unable to discharge it through
811 1615 2468 1758 prodigality. In this case it is his Will that was in fault.
848 1834 2519 1944 4. Where he became afterwards unable to discharge it through
810 2010 2521 2146 mismanagement. In this case it was his Understanding that
815 2202 1570 2311 was immediately in fault.
1078 2351 2544 2480 The case of Mis-management may be resolved into three
817 2536 2540 2651 others. 1. Indolence. 2. Incapacity. And 3. Rashness or Presumption.
819 2680 2541 2819 Indolence is the fault of the Will. Incapacity is more immediate=
2278 2804 2545 2877 seems to be
796 2879 2535 2992 :ly the fault of the Understanding. Rashness or Presumption ^ is the
815 3058 2167 3166 fault of the understanding and of the Will together.
888 3298 2518 3401 5. Where he became afterwards unwilling to pay, meaning to defer
2291 3374 2550 3445 payment
1388 3482 1583 3565 Note:
827 3608 2562 3719 fraudulent Insolvency, but Sharping. This circumstance marks out the
817 3784 2093 3877 limits between fraudulent Insolvency and Sharping.
