2731 4096
352 261 1748 437 Forgery Observations.
402 619 1835 722 Upon the whole therefore what I give here I give rather
166 805 1817 904 as a rough outline [than as a finished plan] of what might be
167 992 1831 1095 done in the case of the offence in question, than as a finished
172 1144 315 1215 plan
392 1224 1849 1307 If the details of the Law on this head were once settled o=
152 1418 1860 1509 :ther plans might be adopted which would have the advantage over
1554 1604 1615 1652 c
176 1595 1852 1708 that adopted here, either in point of amplitude and ac^uracy or in
178 1798 719 1900 point of conciseness.
1205 1932 1245 1975 c
430 1927 1873 2037 In point of amplitude and ac^uracy it might be more ad=
190 2085 1862 2231 :vantageous perhaps to mark out a separate species of Forgery
193 2313 1910 2412 for every other separate species of offence to which Forgery is capa=
197 2513 1878 2599 :ble of being rendered subservient, and to insert a chapter upon
194 2705 1877 2809 that species of forgery immediately or closely after the chapter
212 2905 1885 3000 relative to such principal offence. In such case as Forgery is
217 3094 1907 3201 but a particular aggravated kind of attempt, it would be pro=
222 3294 1915 3393 :per to prefix to every such Chapter on Forgery a correspondent
225 3490 1940 3597 Chapter on Attempts. On the same plan it might likewise be pro=
1660 3612 1982 3684 menacements
213 3674 1950 3811 :per perhaps to have separate chapter concerning such ^ threats
228 3856 1933 4000 as have relation to the prinicipal offence in question. Upon this
1762 3937 1924 4014 plan
