2731 4096
1022 212 2101 377 Of Culpable Insolvency.
893 507 2509 616 To compleat the confusion, the distinction between an
778 686 2492 787 Insolvent who can be a Bankrupt, and an Insolvent
788 868 2518 984 who cannot , may be broken down with certainty: but
771 1032 2516 1170 then it can only be done by artifice and prevarication; and
780 1226 2437 1362 at a great expence. Any man by getting two or three
784 1411 2483 1555 friends to join with him may make himself a Trader
778 1610 2504 1727 for the purpose: perhaps at any rate; certainly under a
777 1788 2512 1923 system of Laws which takes care to leave every thing un=
775 2007 1077 2096 :defined.
933 2140 2560 2274 As to expence, never did a Commission of Bankrupt=
792 2325 2507 2453 :cy cost so little as £1 80: the greatest part made up of
792 2521 2525 2630 expences palpably unnecessary : taxes under the name of tax=
793 2694 2514 2810 :es; taxes under the name of fees for taking steps that are
1543 2810 2168 2890 never worth considering.
801 2857 2514 2983 of no use. The poor are not worth the consideration of the
759 3041 2517 3165 Law. I forget: they are so in a time of Jubilee; for about
803 3198 2518 3318 two or three months at a time: once in about five or Six
807 3428 976 3533 Years.
1016 3497 2519 3640 The above is but a very imperfect and but too fa=
801 3671 2565 3800 :vourable a Picture of the Absurdities of the English Law on the
2292 3830 2475 3934 subject
