2731 4096
900 232 2227 379 Frauds relative to the Coin.
822 441 1724 548 preferred as excel in hardness. (a)
1034 489 2177 687 III. Monitory Provisions.
1012 787 2522 894 These will depend altogether upon the local and politi=
832 978 2501 1070 :cal circumstances of the Country. The object of them will be
821 1148 2510 1265 to circulate as effectually as possible among the people, as full
830 1336 2498 1444 intelligence as can be obtained, concerning any counterfeit
2321 1446 2451 1508 Coin
1308 1607 1541 1703 Note.
842 1727 2492 1815 he describes no otherwise than by calling them blanched copper, or
835 1883 2518 1977 blanched copper mixed with silver. What may be called blanched
838 2043 2507 2133 Copper? Copper rendered white. Any substance of a white colour
840 2196 2531 2310 which is made of Copper, or in which Copper is an ingredient. Whe=
839 2371 2534 2493 :ther the Penner of that Saw meant to prohibit every sort of white
844 2521 2548 2657 metal which there then was, or at this day is, in use, one can hard=
849 2691 2550 2842 :ly pretend to say; but this much is certain, that notwithstand=
852 2898 2516 3025 :ing that statute which nobody seems to care for, there are a
856 3078 2546 3199 great variety of white metals actually in use: and that (such of
867 3263 2561 3371 them excepted as are made of tin, iron or pewter), Copper is either
871 3428 2530 3555 the principal ingredient, or at any rate one ingredient, in all of
867 3566 1028 3642 them.
940 3616 2553 3722 (a) [Hardness] Silver Coin of the fineness of Sterling Money is said to be too soft. The
870 3748 2587 3850 Austrian money which contains many different sorts of pieces of different alloys, all of them
878 3843 2485 3941 with more copper than the Sterling Money, is said to be harder and to wear better.
