2731 4096
725 236 2610 477 Theft Embezzlement and Fraudulent obtainment
765 560 2486 662 set of customers to lose, the bare notion of being said
759 734 2533 864 to have been guilty of an offence for which people are
755 924 2526 1033 punishable in such a manner would be a very formi=
749 1144 2446 1243 :dable punishment. The reason why it may be proper
1944 1271 2154 1338 than
755 1342 2516 1432 to punish an offence of this sort more ^ in proportion to
768 1542 2560 1657 the profit upon that single offence is that this is one of those
944 1654 2310 1771 which are strong indications of a
775 1757 2560 1882 acts that, like coining, ^ indicate a habit. Petty profits will
775 1965 2525 2073 be made by petty cheats of this sort much oftener than
789 2167 2518 2242 cheats will be detected, and much oftener still than
787 2334 2563 2468 they will be prosecuted. See Introd. Ch [Proportion &c]
772 2450 954 2515 Rule
980 2477 2592 2600 Ignominious Punishment for Cheating by weights &c
767 2555 838 2607 or
778 2557 1202 2655 and measures
1044 2557 2565 2650 <gap/> <gap/> the igno­
930 2614 2575 2747 For cheating by false weights or measures an offender
785 2741 1742 2838 ­minious punishment shall
761 2787 2211 2922 shall be the punished be as follows
839 3026 2521 3151 1. A large pair of Scales or a large rule or measuring
804 3246 1864 3397 pot shall be hung about his neck.
1645 3354 2287 3465 the Cap of Infamy
829 3424 2505 3545 2. On his head shall be ^ a foursided hat with the
809 3620 2586 3763 words "Cheating Dealer" on each side: and in this plight
1190 3747 1945 3827 at the public market place
810 3835 2565 3954 he shall be exhibited at one or more times for not less than
1447 3900 2578 3988 ^ half -
