2731 4096
291 262 1780 408 Of Semi-public Offences in General.
163 511 1858 610 of man's property, various races of animals have been prescribed; at
167 598 955 665 while under the same notion
145 655 1848 767 ^ the same time that other races of animals inimical to the former
165 792 1885 910 have been protected. The proscription has of course been sancti=
1319 901 1774 962 It is evident, that
144 967 1823 1077 ­:oned by rewards: the protection, by penal laws. ^ The former
365 1037 1802 1150 is the only one of the two to any purpose
174 1126 1860 1221 course, has the only one that could have, been taken ^ with animals
168 1270 1875 1392 whose fierceness is such as to render them formidable to man him=
154 1424 308 1548 :self.
202 1550 1849 1649 5. Collapsion respects either natural masses of matter or artificial.
179 1680 1838 1811 With regard to the former the prevention of it is one of the ob=
166 1828 1850 1957 :jects of authority in mining countries: it is also said to be an
155 1982 1852 2104 object of regulation in mountainous districts where the explo=
174 2117 1868 2265 :sion of a Gun would be sufficient in certain situations to put
165 2278 1864 2406 in motion such a body of snow as might be fatal to the persons
177 2429 1835 2569 of travellers and even ruinous to the dwellings of the inhabi=
180 2586 1861 2736 :tants. With regard to edifices it is one of the objects in view
181 2744 1831 2907 in the regulations that are frequently made respecting the
167 2932 1148 3085 mode of building in great towns.
199 3135 1858 3246 6. Inundation is of course the object of many anxious re=
156 3271 1864 3405 :gulations in countries that are exposed to the inroads of the Sea,
1531 3400 1892 3470 the sovereign
178 3444 1880 3550 or of great rivers. In the way of administration,governments
191 3560 254 3628 is
170 3595 1844 3721 are ^ in many places at vast expences in erecting and maintain=
171 3732 1866 3877 :ing artificial barriers against the incursions of that formidable
184 3900 1857 4010 element: in the way of legislation, it is his care to prohibit every
1692 3952 1877 4011 practice
