2731 4096
438 230 1456 377 Of Culpable Insolvency.
1337 487 1437 525 does
398 507 1866 633 In the Bankruptcy Laws there ^ seem to have been
155 705 1851 821 some notion of distinguishing between innocence and guilt.
162 890 1811 986 But the distinction is not submitted to the opinion of a
158 1060 1885 1189 Judge: it is left to be determined partly by the humanity
162 1245 1880 1372 or inhumanity of the Creditor, partly by the caprice of for=
158 1431 1841 1555 :tune. As to prodigality the Laws know but of two species,
160 1622 1867 1734 Gaming and portioning out Children. And in both cases the
159 1795 1875 1922 same sum spent is made to afford the same evidence of pro=
445 1934 629 1980 and this
157 1970 1919 2096 :digality; ^ whether the Bankrupt were the occupier of a Chand=
155 2162 1883 2275 :ler's Shop in the country, or the first Merchant in the World.
385 2419 1924 2517 Why all this difference between Insolvents in an out
168 2610 1872 2713 of Trade? Between the Creditors of the one and the Creditors
161 2784 1854 2893 of the other? Why is the former to suffer Imprisonment for
153 2945 1865 3070 life, and the other nothing? The answer is, that the Law
199 3062 2091 3132 in its wisdom is pleased to make two suppositions: the one is, that
228 3123 1254 3200 no man who is not ever
183 3137 1921 3247 suffices none but a Trader can ^ be unfortunate: and that
193 3268 1045 3335 the other is, that no man who is
707 3333 798 3354 ever
156 3311 1885 3403 a Trader never can be dishonest. This is the reason why the
190 3484 1863 3604 Creditors of the one can never compel him to discover his
165 3658 1898 3787 effects till he had spent them all in Jail; nor any Creditor
189 3859 1551 3981 of the other ever punish him for his knavery.
1733 3915 1838 3979 To
