2731 4096
127 25 331 128 <gap/>16
793 178 2312 337 Of Simple Mercantile Defraudment
792 320 1798 478 From p. 12 No 1 Question II
895 477 2513 587 Why the Judge in the case of simple mercantile
806 590 2415 705 frauds is intrusted with the option of applying so
2061 700 2165 758 the
806 733 2428 825 severe a part of the punishment as that which
806 850 1740 977 consists of corporal ignominy?
884 967 955 1028 To
768 972 1259 1107 From p. 10. No 1
758 1078 1281 1168 From p. 11. No 1
1048 1115 2446 1236 It is a maxim dictated by necessity, that what a
787 1319 2461 1411 man cannot pay for in his purse he must be made to pay for
793 1475 2505 1607 in his person. The converse of it might seem agreeable to
793 1691 2399 1783 reason and utility; viz; that what he can pay for in his
787 1859 2485 1966 purse, he ought not to be made to pay for in his person.
799 2042 2454 2150 This would undoubtedly be just without exception were
800 2215 2510 2343 it not for two considerations which must always be attend=
778 2417 2475 2518 :ed to. 1. The Interests of Morality. And 2. The Affections
806 2607 2500 2706 of the People. Were riches to be admitted uniformly to excuse
803 2789 2483 2908 a man from every other kind of punishment, were a poor
798 2997 2463 3087 Man in all cases made to suffer a punishment which,
1028 3120 1112 3230 if
809 3178 2461 3291 were he rich, he would not be made to suffer, a rule of
790 3341 2491 3471 this sort might have a bad effect in the character of a mo=
798 3529 2494 3675 :ral lesson: It would be as much as to say, "Get Wealth, and
1047 3665 1558 3774 not be in fear of
798 3724 2471 3868 "You need ^ fear punishment." Wealth will at any rate have
2254 3880 2452 3950 more
