2731 4096
895 267 2210 391 Of Semi-public Offences in General.
787 504 2510 608 of plants or animals in virtue of some particular qualities purely phy=
760 653 1044 759 ­:siological.
1003 698 2485 802 All masses of matter that contain the substance which by the
1850 800 1908 852 by
793 827 2474 934 Chymists is called Phlogiston are liable upon the sudden separation
785 971 2459 1082 of that Phlogiston to undergo a change which is called burning or
790 1110 2424 1229 combustion and when large masses of matter are undergoing this
788 1287 1582 1406 change together, Conflagration.
958 1435 2498 1540 When a greater degree of repulsion than before is made suddenly to
791 1570 2518 1676 take place among the particles of large masses of matter at once such a change
787 1700 2495 1803 is called Explosion. This change takes place upon the conversion of fluids
1710 1815 1757 1860 by
789 1839 2456 1940 into solids. It is produced principally ^ three causes, to wit, 1. Combustion,
776 1969 2494 2089 whereby large masses of solid or liquid matter are reduced to a state of Air.
791 2129 2508 2236 2. Alternation of heat and cold whereby large masses of solid matter
787 2260 2472 2370 are reduced to a state of fluidity or vice versa. 3. Lightning or the
770 2362 1012 2427 afflux or
788 2415 2025 2520 efflux of the electric matter. of the Atmosphere.
1078 2572 2503 2658 All the above calamities seem to agree this that the effect
791 2697 2474 2817 of them, in as far as it is capable of being controuled by man, is
785 2857 2538 2974 confined within those local limits which constitute what is call=
1350 2941 1841 3017 a district which,
796 3001 2490 3147 :ed a Neighbourhood: ^ The Neighbourhood, unless in very
1802 3091 2345 3178 the whole territory of
947 3124 1260 3211 sovereignties
791 3156 2514 3290 small ^ States indeed, can never be co-extensive with ^ the state.
1121 3294 1248 3360 too,
792 3327 2511 3459 All of them ^ unless it be Tempest and Blight, are liable to
806 3478 2531 3615 be brought about, and the effect of them all without excep=
802 3627 2511 3762 :tion is liable to be increased, by human ignorance and im=
775 3748 2548 3895 :prudence. All of them are likewise capable of being prevented
2302 3907 2471 3990 or
