2731 4096
932 227 1774 385 Of Justifications.
827 514 2619 600 of the several branches of law referred to on these several occa=­
813 676 2574 753 ­:sions should in every instance be precisely those which are here
811 803 2540 914 given. These names according to the principle laid down in
822 979 2535 1087 the Title [Of Composition] ought to be taken from the different
821 1140 2587 1237 classes of persons to which the several provisions relate; But
821 1293 2561 1371 who these persons are cannot be determined till the provisions
817 1451 1570 1508 themselves are determined.
1109 1604 2230 1767 Justification 4.th _ Defence.
888 1776 2553 1942 Instruction to the Legislator _ Analytical View.
1134 2028 2523 2147 What is done in defence is done either in defence of
821 2183 2565 2267 one's self, or in defence of a third person; and the attack is either
829 2334 2438 2431 against the person or body of the party, or his possessions.
1364 2437 1908 2587 Main-Text.
1094 2592 2557 2737 To save one's self against an unlawful assault which
1847 2748 1971 2825 (A)
838 2778 2515 2893 cannot be repelled with less mischief to the assailant, any
812 2913 2540 3028 thing done to his person is done with lawful cause: and the
815 3058 2526 3179 party assaulted is not bound to save himself by yielding
825 3205 1046 3287 ground.
1312 3261 1735 3398 Exposition.
797 3392 2560 3585 [(A) Less mischief] 1. As if your adversary, having unlawfully
827 3537 1018 3605 struck
830 3591 2573 3707 stricken you or having aimed a blow at you, persists in behav=­
833 3746 2603 3882 ­:ing in such a manner as gives you probable cause for ap=­
2251 3900 2569 3986 prehending
