2731 4096
560 61 1125 177 affecting C
168 130 1691 268 Of Injuries to the liberty of Loco-motion.
337 245 1810 399 Of Unlawful confinement.
181 536 1865 642 other putrificable matters. Falling off of the extremi=
179 747 1870 854 :ties by gangrene; the Gaol-fever and other conta=
178 944 989 1035 :gious diseases - Death.
240 1138 1856 1263 6. Pain or uneasiness from the bites of vermin - want
187 1341 1781 1445 of sleep; habitual debility - Inflammations, Fevers,
181 1512 384 1587 Death.
235 1686 1849 1815 7. Seclusion from medical asistance, exacerbation of
180 1880 955 1941 natural diseases - Death.
234 2056 1853 2182 8. Senssations of shame from the suffering violences
192 2252 1863 2359 to modesty and delicacy. Pains of the moral sanction.
206 2469 1874 2601 9. Obligation of hearing immoral and irreligious dis=
187 2684 433 2730 :course.
231 2853 1872 2969 10. Seclusion from the practice of religious ceremonies.
1032 3015 1178 3108 12
575 3127 1881 3280 As to the particular prejudicial consequences
210 3299 1895 3438 which by accident may result to a man from his being
203 3478 1891 3594 kept in confinement, the variety of them is indetermina=
213 3672 1869 3799 :ble. He may be affected by them in all or any of
226 3846 1884 3955 the several ways in which it is possible for a man
1722 3927 1882 4001 to
