2731 4096
1052 222 2041 354 Of Culpable Insolvency.
837 419 1145 538 unavoidably
817 499 2527 623 ^ necessarily be more vague than were to be wished. The trial too
829 653 2535 767 would be more tedious: inasmuch as a large space in the career
2260 791 2352 834 into
832 836 2511 952 of a man's life and conversation must be examine^d . For this
826 1006 2547 1110 purpose it might perhaps be necessary or at least advantage=
831 1176 2521 1301 :ous to collect together a number of evidentiary facts and con=
820 1350 2528 1456 :vert them into so many principal Offences. Thus the English
830 1515 2560 1639 Law proceeding upon the ground of prodigality subjects an In=
824 1690 2556 1816 :solvent to certain disadvantages in the case of his having lost
820 1817 1347 1866 within a certain time
809 1857 2512 1997 ^ to a certain amount at certain games. within a certain time.
1032 2084 2479 2199 In the treatment given to Insolvency, all the above species
843 2256 2563 2361 are apt to be confounded: fraud and integrity, rashness and prudence,
848 2425 2594 2563 indolence and industry, prodigality and thrift, obstinacy and help=
851 2612 2310 2717 :lessness, are all lumped under one common censure.
1076 2777 2565 2918 Where the Insolvency is owing to Misfortune all coercion;
864 2983 2583 3073 considered with respect to the pain it produces in the Insolvent
865 3152 2534 3258 himself , is upon the face of it inefficacious: it is so much Misery
872 3349 1126 3402 in waste.
1067 3458 2558 3573 Considered with respect to the pain it may chance to pro=
864 3632 2541 3716 :duce in some person or persons to whom the Insolvent is dear,
883 3787 2575 3910 it may be inefficacious or not as it happens; according as it hap=
2392 3897 2589 3979 :pens
