2731 4096
454 252 1649 415 Punishment Forgery _
800 512 2519 641 [(B) Unlawful Confinement] As if a man having forged a Let=
792 722 2482 818 :ter from your father, brother, or other nearest relation to the
813 891 2534 1010 keeper of a Mad-house declaring you to be mad and request=
786 1087 2516 1219 :ing him to take you under his care, were to give it you seal=
810 1287 2480 1395 :ed, and on some other pretence request You to take it to the
817 1490 1184 1578 said Keeper.
1982 1674 2462 1761 to the lengngth which
812 1675 2525 1822 [(B) Ordinary Punishment] To wit according as ^ the offence hap=
1171 1820 2245 1894 proceeded: according as not to whether it was
1890 1885 2171 1938 whether it
774 1887 2545 2018 :pens to have ^ been consummated or ^ to have terminated in the
824 2058 1094 2138 attempt.
1245 2121 1913 2237 Main-Text.
1116 2328 2288 2454 Aggravation I. Abuse of Justice.
959 2554 2518 2659 Where the intent was to make use of the Order or Act of a
829 2749 2539 2870 Judge or Minister of Justice as a means of subjecting the par=
819 2929 2244 3054 :ty to the Injury. See Offences against Justice.
2457 3197 2540 3257 be
1154 3203 2565 3340 For Forgery with intent to subject a man to ac
840 3310 1557 3411 kidnapped or to suffer an
838 3408 2555 3523 irreparable personal injury or to be kidnapped or to be un=
824 3579 2527 3701 :lawfully put to death, the Offender over and above the ordi=
857 3794 2550 3913 :nary Punishment shall be punished either ignominiously
2378 3900 2534 3962 or
