2731 4096
276 214 1600 398 Of Frauds relative to the Coin.
280 385 1140 502 From p. 10 NOTE
194 561 1860 651 (a) These ideas seem not to have occurred to Mr. Voltaire, who
892 707 2158 808 joins with the common run of Jurists in putting
201 766 1896 898 in treating of this offence ^ continues to find it upon a rank with
196 964 1884 1074 Treason: for "it is betraying the state" (says he) "to rob all the in=
194 1170 1833 1260 :"dividuals that compose it". The observation seems a little
199 1365 1887 1472 hasty: for the fact is that by one single offence of this sort it is
1163 1509 1971 1591 ever affected in the first instance
202 1555 1901 1692 but one single individual that is ^ primarily affected^. Any indi=
197 1751 1901 1880 :vidual it is true may suffer; but the difference between all and
205 1960 1866 2071 any is considerable: So long as any one individual suffers,
210 2155 1908 2234 no other suffers but that one; so soon as a second suffers the
205 2329 1909 2449 first is made amends. It is therefore an offence against as=
219 2535 1936 2638 :signable individuals, and so far from being Treason, it is not
443 2663 1181 2769 in any shape at all an
220 2738 1392 2858 so much as ^ an offence ^ against the State.
1081 2860 1578 2934 act habit
423 2898 1900 3035 By the extension of the Act into a Habit a great num=­
227 3099 1921 3192 ­:ber of individuals, it is true, are exposed to suffer: but let the
222 3281 1922 3410 multitude of them be ever so great, they are constantly assigna=
225 3488 1909 3583 :ble; they are such and such persons who happen to be the
521 3608 1291 3705 such and such a piece of
229 3682 847 3803 holders of ^ the money.
