<?xml version='1.0' encoding='utf-8'?>
<PcGts xmlns="http://schema.primaresearch.org/PAGE/gts/pagecontent/2013-07-15" xmlns:xsi="http://www.w3.org/2001/XMLSchema-instance" xsi:schemaLocation="http://schema.primaresearch.org/PAGE/gts/pagecontent/2013-07-15 http://schema.primaresearch.org/PAGE/gts/pagecontent/2013-07-15/pagecontent.xsd">
  <Metadata>
    <Creator>UPV-PRHLT</Creator>
    <Created>2013-03-08T05:03:58</Created>
    <LastChange>2015-12-14T11:11:37</LastChange>
  </Metadata>
  <Page imageFilename="071_161_004.jpg" imageHeight="4096" imageWidth="2731">
    <TextRegion id="t1">
      <Coords points="888,244 877,400 1030,413 1405,391 1986,400 2163,369 2108,252 1675,275 1244,286 1091,227 888,258" />
      <TextLine id="4303">
        <Coords points="962,387 919,396 896,391 894,378 908,364 942,337 942,333 946,312 958,296 1035,280 1091,242 1119,253 1121,255 1125,280 1121,283 1037,328 1132,337 1144,335 1160,335 1226,301 1244,310 1260,332 1271,333 1287,378 1292,378 1323,341 1357,337 1360,337 1396,332 1401,326 1432,307 1455,310 1526,301 1532,301 1548,332 1589,333 1583,383 1589,380 1626,324 1628,319 1673,296 1703,326 1716,324 1716,325 1755,298 1760,300 1816,307 1851,289 1896,282 1900,282 2050,278 2121,333 2119,369 2075,378 1892,387 1846,398 1794,385 1787,385 1664,389 1541,389 1269,392 1139,394 989,394 967,389" />
        <TextEquiv>
          <Unicode>Frauds relative to the Coin.</Unicode>
        </TextEquiv>
      </TextLine>
    </TextRegion>
    <TextRegion id="t2">
      <Coords points="825,416 983,400 1347,405 2541,408 2561,750 2561,1416 2511,1663 761,1605 761,938 819,411" />
      <TextLine id="4304">
        <Coords points="1324,468 1322,470 1321,470 1320,471 1315,471 1314,472 1313,472 1312,473 1301,473 1300,474 1188,474 1187,475 1029,475 1028,476 1027,476 1026,477 1014,477 990,501 986,501 981,496 836,496 836,484 840,480 840,449 841,448 858,421 903,405 994,424 1324,421" />
        <TextEquiv>
          <Unicode>From p. 1. No 2</Unicode>
        </TextEquiv>
      </TextLine>
      <TextLine id="4305">
        <Coords points="1444,533 1423,526 1414,492 1453,471 1496,476 1503,500 1467,535 1444,535" />
        <TextEquiv>
          <Unicode>Tit</Unicode>
        </TextEquiv>
      </TextLine>
      <TextLine id="4306">
        <Coords points="2398,474 2404,474 2405,475 2427,475 2440,488 2493,488 2509,504 2534,504 2534,507 2532,509 2532,510 2531,511 2531,512 2529,512 2528,513 2546,526 2521,531 2518,534 2517,534 2515,536 2514,536 2513,537 2512,537 2511,538 2510,538 2509,539 2444,539 2443,540 2442,540 2440,542 2418,542 2378,582 2377,582 2376,583 2375,583 2373,585 2366,585 2365,584 2364,584 2355,575 2112,535 1964,567 1876,578 1808,551 1571,562 1544,575 1539,580 1440,587 1427,575 1315,570 1313,568 1313,566 1314,565 1314,564 1329,549 1329,542 1330,542 1331,541 1332,541 1333,540 1339,540 1370,509 1371,509 1373,507 1374,507 1375,506 1416,532 1457,539 1498,503 1532,485 2217,482 2218,481 2219,481 2220,480 2224,480 2225,479 2233,479 2234,478 2321,478 2322,477 2328,477 2329,476 2395,476 2396,475 2397,475" />
        <TextEquiv>
          <Unicode>See ^ [Defraudment by false Standards] Sect.</Unicode>
        </TextEquiv>
      </TextLine>
      <TextLine id="4307">
        <Coords points="1196,585 1119,582 1094,573 1110,544 1187,530 1219,546 1218,574 1192,591 1178,587" />
        <TextEquiv>
          <Unicode>-ure</Unicode>
        </TextEquiv>
      </TextLine>
      <TextLine id="4308">
        <Coords points="1308,581 1313,586 1593,586 1596,583 1597,583 1608,587 1651,571 1748,573 1908,583 2235,582 2240,577 2242,577 2243,576 2245,576 2251,582 2289,582 2298,591 2446,591 2466,611 2488,611 2489,612 2490,612 2494,616 2495,616 2496,617 2518,617 2518,618 2519,619 2519,624 2518,625 2518,626 2517,627 2516,627 2515,628 2496,628 2494,630 2493,630 2491,632 2491,633 2490,634 2489,634 2487,636 2417,636 2416,637 2415,637 2413,639 2258,639 2238,659 2237,659 2235,661 1955,661 1954,662 1789,662 1783,668 1219,639 1216,658 1114,677 1047,662 1025,640 907,653 917,680 898,703 839,696 835,619 835,618 837,616 837,615 838,614 838,613 832,550 896,551 887,580 888,579 889,579 890,578 892,578 893,577 970,577 972,575 973,575 976,572 977,572 978,571 980,571 981,570 983,570 984,569 1187,589 1201,576 1228,533" />
        <TextEquiv>
          <Unicode>[(A) Forfeit^ed] And this whether they belong to the Defendant or</Unicode>
        </TextEquiv>
      </TextLine>
      <TextLine id="4309">
        <Coords points="931,671 935,671 936,672 939,672 940,673 941,673 942,674 976,667 1273,674 1284,685 1339,685 1342,688 1551,688 1552,689 1569,692 1568,711 1568,719 1569,720 1599,720 1602,723 1603,723 1604,724 1604,726 1603,727 1561,727 1560,728 1558,728 1556,730 1260,730 1228,762 1227,762 1224,765 1221,765 1220,766 1108,737 903,776 896,749 922,679 929,672 930,672" />
        <TextEquiv>
          <Unicode>[Punishment] eodem verbo.</Unicode>
        </TextEquiv>
      </TextLine>
      <TextLine id="4310">
        <Coords points="2363,753 2367,753 2379,765 2401,765 2419,783 2466,783 2468,785 2499,785 2500,786 2500,817 2483,817 2482,818 2482,819 2480,821 2480,822 2477,825 2477,826 2474,829 2473,829 2472,830 2472,831 2469,834 2468,834 2467,835 2466,835 2465,836 2357,836 2355,838 2354,838 2353,839 2195,839 2194,840 2193,840 2192,841 2191,841 2190,842 1700,842 1682,860 1681,860 1678,863 1677,863 1676,864 1675,864 1657,846 970,846 961,837 955,837 954,836 951,836 949,834 948,834 945,831 914,831 913,830 911,830 910,829 909,829 904,824 885,824 881,820 880,820 877,817 841,817 841,809 823,791 824,791 826,789 827,789 835,781 857,781 865,773 866,773 867,772 869,772 949,789 1083,776 1087,772 1116,760 1205,772 1206,771 1416,753 1554,771 1556,769 1821,769 1826,764 2265,764 2272,757 2359,757" />
        <TextEquiv>
          <Unicode>to any other person in confederacy with him or not. But if any</Unicode>
        </TextEquiv>
      </TextLine>
      <TextLine id="4311">
        <Coords points="2376,944 2381,944 2382,945 2383,945 2384,946 2385,946 2395,956 2415,956 2416,957 2419,957 2421,959 2448,959 2453,964 2495,964 2496,965 2497,965 2516,984 2531,984 2532,985 2533,985 2534,986 2534,988 2533,989 2532,989 2531,990 2469,990 2468,991 2466,991 2464,993 2463,993 2462,994 2461,994 2460,995 2459,995 2457,997 2413,997 2412,998 2411,998 2410,999 2407,999 2406,1000 2402,1000 2401,1001 2399,1001 2398,1002 2394,1002 2393,1003 2389,1003 2388,1004 2363,1004 2362,1005 2360,1005 2359,1006 2355,1006 2354,1007 2346,1007 2345,1008 2257,1046 2240,1008 2239,1009 2237,1009 2236,1010 2234,1010 2231,1013 2230,1013 2228,1015 2227,1015 2226,1016 2225,1016 2224,1017 2220,1017 2219,1018 2217,1018 2216,1019 2214,1019 2213,1020 2211,1020 2210,1021 2207,1021 2206,1022 2000,1022 1999,1023 1888,1023 1883,1028 1882,1028 1881,1029 1880,1029 1879,1030 1839,1030 1838,1031 1410,1031 1390,1051 1389,1051 1388,1052 1028,1052 1027,1053 1026,1053 1025,1054 996,1054 989,1061 988,1061 980,1053 946,1053 939,1046 865,1046 864,1045 855,1045 854,1044 853,1044 852,1043 851,1043 848,1040 830,1040 830,1038 832,1036 832,1035 833,1034 833,1033 834,1032 834,1031 840,1025 840,1024 841,1023 841,1021 843,1019 843,1016 848,1011 848,1008 849,1007 849,1006 851,1004 851,1002 852,1001 852,1000 855,997 855,981 864,972 864,971 868,967 868,966 869,965 869,964 871,962 871,961 872,960 1568,960 1575,953 1576,953 1577,952 1999,952 2000,951 2099,951 2101,949 2367,949 2370,946 2371,946 2372,945 2375,945" />
        <TextEquiv>
          <Unicode>person can prove any such articles to be his property and can</Unicode>
        </TextEquiv>
      </TextLine>
      <TextLine id="4312">
        <Coords points="2249,1133 2250,1134 2251,1134 2260,1143 2278,1143 2280,1145 2283,1145 2288,1150 2324,1150 2326,1152 2327,1152 2328,1153 2329,1153 2334,1158 2381,1158 2383,1160 2440,1160 2448,1168 2546,1164 2542,1217 2448,1219 2286,1210 2283,1213 2282,1213 2280,1215 1794,1215 1793,1216 1792,1216 1791,1217 1789,1217 1788,1218 1786,1218 1785,1219 1783,1219 1782,1220 1780,1220 1779,1221 1697,1221 1690,1228 1689,1228 1687,1230 1686,1230 1684,1232 1683,1232 1682,1233 1681,1233 1680,1234 989,1234 983,1240 981,1240 979,1238 906,1238 902,1234 874,1234 872,1232 848,1232 847,1231 847,1223 842,1218 842,1217 841,1216 841,1199 843,1197 844,1197 848,1193 850,1193 857,1186 858,1186 859,1185 860,1185 867,1178 868,1178 870,1176 871,1176 872,1175 873,1175 874,1174 880,1174 881,1173 959,1173 971,1161 1600,1161 1601,1160 1604,1160 1605,1159 1615,1159 1616,1158 1620,1158 1621,1157 1663,1157 1667,1153 1673,1153 1674,1152 1675,1152" />
        <TextEquiv>
          <Unicode>make his innocence appear beyond suspicion, the Judge may may re:­</Unicode>
        </TextEquiv>
      </TextLine>
      <TextLine id="4313">
        <Coords points="1194,1348 1130,1337 1141,1310 1189,1285 1201,1285 1371,1283 1383,1283 1532,1289 1528,1344 1528,1346 1433,1355 1364,1355 1348,1351 1335,1342 1296,1353 1271,1342 1239,1348 1191,1346" />
        <TextEquiv>
          <Unicode>or any of them</Unicode>
        </TextEquiv>
      </TextLine>
      <TextLine id="4314">
        <Coords points="1636,1353 1640,1357 1644,1357 1646,1359 1706,1359 1708,1361 1799,1361 1801,1363 1884,1363 1906,1385 1926,1385 1927,1386 1934,1386 1936,1388 1937,1388 1950,1401 1952,1401 1954,1403 1955,1403 1956,1404 1956,1408 1955,1409 1954,1409 1953,1410 1926,1410 1925,1411 1922,1411 1921,1412 1919,1412 1918,1413 1917,1413 1916,1414 1915,1414 1913,1416 1911,1416 1910,1417 1909,1417 1908,1418 1905,1418 1902,1421 1901,1421 1900,1422 1847,1422 1842,1427 1841,1427 1840,1428 1759,1428 1757,1430 1506,1430 1504,1432 1502,1432 1499,1435 1498,1435 1496,1437 1369,1437 1367,1439 1365,1439 1363,1441 1362,1441 1361,1442 1203,1442 1202,1443 1196,1443 1193,1446 1164,1446 1163,1447 1160,1447 1159,1448 1148,1448 1145,1445 1137,1445 1115,1423 937,1423 926,1412 859,1412 858,1411 857,1411 857,1392 856,1391 856,1390 857,1389 857,1388 862,1383 835,1399 842,1398 837,1371 844,1355 880,1358 891,1347 892,1347 893,1346 894,1346 896,1344 903,1344 904,1343 905,1343 907,1345 1258,1348 1280,1341 1289,1358 1341,1337 1362,1358" />
        <TextEquiv>
          <Unicode>­:store them to him, if he thinks proper.</Unicode>
        </TextEquiv>
      </TextLine>
      <TextLine id="4315">
        <Coords points="2260,1446 2262,1446 2263,1447 2264,1447 2264,1448 2272,1456 2305,1456 2306,1457 2312,1457 2324,1469 2365,1469 2366,1470 2367,1470 2369,1472 2369,1478 2395,1504 2395,1506 2394,1507 2393,1507 2392,1508 2143,1508 2125,1526 2124,1526 2122,1528 2121,1528 2120,1529 2118,1529 2117,1528 2039,1528 2019,1508 1984,1508 1983,1507 1961,1507 1959,1505 1930,1508 1937,1482 1953,1463 1952,1462 2017,1435 2249,1454 2250,1453 2250,1451 2251,1450 2252,1450 2253,1449 2254,1449 2255,1448 2256,1448 2257,1447 2259,1447" />
        <TextEquiv>
          <Unicode>To p. 7. No 2.</Unicode>
        </TextEquiv>
      </TextLine>
    </TextRegion>
  </Page>
</PcGts>