<?xml version='1.0' encoding='utf-8'?>
<PcGts xmlns="http://schema.primaresearch.org/PAGE/gts/pagecontent/2013-07-15" xmlns:xsi="http://www.w3.org/2001/XMLSchema-instance" xsi:schemaLocation="http://schema.primaresearch.org/PAGE/gts/pagecontent/2013-07-15 http://schema.primaresearch.org/PAGE/gts/pagecontent/2013-07-15/pagecontent.xsd">
  <Metadata>
    <Creator>UPV-PRHLT</Creator>
    <Created>2013-03-08T05:03:58</Created>
    <LastChange>2015-12-14T11:11:37</LastChange>
  </Metadata>
  <Page imageFilename="071_190_003.jpg" imageHeight="4096" imageWidth="2731">
    <TextRegion id="t1">
      <Coords points="494,225 1292,210 1524,290 1388,405 454,367 497,225" />
      <TextLine id="4911">
        <Coords points="1132,220 1134,220 1179,265 1248,265 1271,288 1438,288 1438,306 1444,312 1445,312 1445,316 1443,318 1422,318 1421,319 1421,376 1420,377 1419,377 1418,378 1378,378 1377,379 1310,379 1309,380 1283,380 1282,379 1220,379 1219,378 1167,378 1166,377 1126,377 1125,376 1084,376 1067,359 753,359 750,356 507,356 506,355 506,345 492,331 492,330 491,329 491,325 492,324 492,322 493,321 493,320 495,318 495,317 497,315 497,314 502,309 502,308 513,297 513,296 516,293 516,292 520,288 520,287 526,281 526,280 536,270 537,270 540,267 541,267 542,266 548,266 549,265 564,265 586,243 587,243 588,242 589,242 590,241 591,241 592,240 715,240 718,237 719,237 721,235 722,235 723,234 1113,234 1116,231 1117,231 1121,227 1122,227 1124,225 1125,225 1127,223 1128,223 1130,221 1131,221" />
        <TextEquiv>
          <Unicode>Of Culpable Insolvency.</Unicode>
        </TextEquiv>
      </TextLine>
    </TextRegion>
    <TextRegion id="t2">
      <Coords points="154,507 1882,521 1888,1827 1904,2154 1904,3524 1888,4005 1640,4008 180,3998 158,504" />
      <TextLine id="4912">
        <Coords points="231,531 233,531 242,540 1807,540 1809,542 1819,542 1843,566 1843,570 1844,571 1844,572 1843,573 1843,576 1842,577 1842,578 1841,579 1841,580 1840,580 1839,581 1838,581 1837,582 1836,582 1835,583 1834,583 1833,584 1790,584 1789,585 1788,585 1787,586 1728,586 1727,587 1726,587 1725,588 1672,588 1669,591 1603,591 1600,594 1599,594 1598,595 1537,595 1536,596 1533,596 1532,597 1460,597 1459,598 1424,598 1423,599 1422,599 1421,600 1419,600 1418,601 1413,601 1412,602 1379,602 1376,605 1315,605 1314,606 1313,606 1312,607 896,607 888,615 643,615 642,616 642,617 297,617 289,625 288,625 287,626 286,626 256,596 226,596 225,595 194,595 193,594 194,593 194,591 195,590 195,589 199,585 199,584 204,579 204,578 206,576 206,575 208,573 208,572 211,569 211,568 212,567 212,566 214,564 214,563 215,562 215,561 216,560 216,559 217,558 217,557 218,556 218,555 219,554 219,553 220,552 220,551 221,550 221,549 223,547 223,546 224,545 224,540 225,539 225,538 227,536 227,535 229,533 229,532 230,532" />
        <TextEquiv>
          <Unicode>his power at any time to put an end to it, the severer it is the</Unicode>
        </TextEquiv>
      </TextLine>
      <TextLine id="4913">
        <Coords points="748,704 749,705 752,705 762,715 771,715 776,720 817,720 872,711 884,738 885,739 885,749 899,763 899,764 898,765 898,766 897,767 896,767 895,768 672,768 638,802 637,802 636,803 634,803 633,804 632,804 631,803 630,803 598,771 325,771 324,770 294,770 291,767 271,767 270,766 194,766 192,764 193,763 193,762 194,761 194,760 195,759 195,758 198,755 198,754 199,753 199,752 200,751 200,750 201,749 201,748 202,747 202,744 203,743 203,742 204,741 204,740 206,738 206,737 208,735 208,734 210,732 210,731 211,730 211,729 212,728 212,727 214,725 214,724 216,722 216,721 218,719 218,718 220,716 221,716 222,715 387,715 389,713 417,713 420,710 421,710 423,708 424,708 425,707 426,707 427,706 744,706 745,705 747,705" />
        <TextEquiv>
          <Unicode>better. See Tit. Of Torture.</Unicode>
        </TextEquiv>
      </TextLine>
      <TextLine id="4914">
        <Coords points="437,892 441,892 457,908 617,908 640,931 890,931 892,933 1002,933 1003,934 1248,934 1249,935 1250,935 1261,946 1342,946 1342,948 1343,949 1569,949 1572,952 1848,950 1851,953 1882,953 1883,954 1882,955 1882,956 1880,958 1880,959 1876,963 1876,964 1873,967 1873,974 1870,974 1869,975 1868,975 1865,978 1865,979 1864,980 1864,981 1863,982 1863,983 1861,985 1861,986 1860,987 1860,988 1858,990 1858,991 1856,993 1856,994 1794,996 1793,997 1781,997 1780,998 1780,999 1777,1002 1777,1003 1776,1004 1776,1005 1773,1008 1773,1009 1772,1010 1772,1012 1771,1013 1771,1014 1768,1017 1768,1018 1763,1023 1763,1024 1756,1031 1755,1031 1754,1032 1753,1032 1751,1034 1750,1034 1749,1035 1746,1035 1745,1034 1744,1034 1743,1033 777,1033 761,1017 539,1017 503,981 442,981 441,980 436,980 435,979 434,979 434,978 433,977 433,952 408,927 408,921" />
        <TextEquiv>
          <Unicode>For Insolvency in fraud of Justice the Offender might</Unicode>
        </TextEquiv>
      </TextLine>
      <TextLine id="4915">
        <Coords points="1030,1058 1030,1059 1032,1059 1032,1060 1033,1060 1033,1061 1034,1061 1034,1062 1036,1062 1036,1063 1037,1063 1037,1064 1129,1064 1129,1065 1134,1065 1134,1066 1136,1066 1136,1067 1138,1067 1138,1068 1139,1068 1139,1069 1140,1069 1140,1070 1143,1070 1143,1071 1144,1071 1144,1072 1146,1072 1146,1073 1148,1073 1148,1074 1149,1074 1149,1075 1150,1075 1150,1077 1151,1077 1151,1078 1152,1078 1152,1079 1153,1079 1153,1080 1154,1080 1154,1082 1155,1082 1155,1083 1156,1083 1156,1085 1157,1085 1157,1087 1158,1087 1158,1091 1260,1091 1260,1090 1261,1090 1261,1089 1263,1089 1263,1088 1265,1088 1265,1086 1266,1086 1266,1085 1267,1085 1267,1084 1268,1084 1268,1083 1270,1083 1270,1082 1270,1083 1272,1083 1272,1097 1275,1097 1275,1099 1274,1099 1274,1100 1273,1100 1273,1102 1270,1102 1270,1103 1269,1103 1269,1104 1268,1104 1268,1105 1266,1105 1266,1106 1265,1106 1265,1107 1264,1107 1264,1108 1262,1108 1262,1109 1260,1109 1260,1110 1259,1110 1259,1111 1258,1111 1258,1112 1257,1112 1257,1113 1255,1113 1255,1114 1251,1114 1251,1113 1160,1113 1160,1112 1057,1112 1057,1113 1056,1113 1056,1114 1054,1114 1054,1115 1052,1115 1052,1116 1051,1116 1051,1117 1050,1117 1050,1118 1049,1118 1049,1119 1048,1119 1048,1121 1047,1121 1047,1122 1046,1122 1046,1123 1045,1123 1045,1124 1044,1124 1044,1125 1043,1125 1043,1127 1042,1127 1042,1128 1040,1128 1040,1129 1039,1129 1039,1130 1035,1130 1035,1113 931,1113 931,1114 930,1114 930,1131 929,1131 929,1132 928,1132 928,1133 927,1133 927,1134 926,1134 926,1133 910,1133 910,1132 907,1132 907,1131 904,1131 904,1130 901,1130 901,1129 898,1129 898,1128 896,1128 896,1127 894,1127 894,1126 893,1126 893,1125 892,1125 892,1123 891,1123 891,1107 794,1107 794,1106 793,1106 793,1105 747,1105 747,1104 746,1104 746,1103 745,1103 745,1102 744,1102 744,1098 745,1098 745,1096 746,1096 746,1095 747,1095 747,1093 748,1093 748,1091 749,1091 749,1090 750,1090 750,1089 751,1089 751,1088 752,1088 752,1087 753,1087 753,1086 754,1086 754,1085 755,1085 755,1084 757,1084 757,1083 820,1083 820,1082 821,1082 821,1080 822,1080 822,1079 823,1079 823,1078 824,1078 824,1077 825,1077 825,1075 826,1075 826,1074 827,1074 827,1073 828,1073 828,1072 829,1072 829,1070 830,1070 830,1069 831,1069 831,1068 832,1068 832,1067 836,1067 836,1068 837,1068 837,1088 949,1088 949,1087 950,1087 950,1086 1002,1086 1002,1078 1003,1078 1003,1073 1004,1073 1004,1071 1005,1071 1005,1070 1006,1070 1006,1069 1007,1069 1007,1067 1008,1067 1008,1066 1009,1066 1009,1065 1010,1065 1010,1064 1011,1064 1011,1063 1013,1063 1013,1062 1014,1062 1014,1061 1016,1061 1016,1060 1018,1060 1018,1059 1021,1059 1021,1058" />
        <TextEquiv>
          <Unicode>ordinary Defraudment</Unicode>
        </TextEquiv>
      </TextLine>
      <TextLine id="4916">
        <Coords points="222,1105 222,1121 294,1121 294,1122 295,1122 295,1154 296,1154 296,1155 297,1155 297,1156 403,1156 403,1128 404,1128 404,1126 405,1126 405,1125 453,1125 453,1124 454,1124 454,1125 455,1125 455,1133 517,1133 517,1134 518,1134 518,1158 647,1158 647,1156 648,1156 648,1155 649,1155 649,1154 650,1154 650,1152 651,1152 651,1151 652,1151 652,1150 654,1150 654,1148 655,1148 655,1146 656,1146 656,1145 657,1145 657,1144 659,1144 659,1142 660,1142 660,1141 661,1141 661,1140 662,1140 662,1139 663,1139 663,1138 664,1138 664,1137 665,1137 665,1136 667,1136 667,1135 668,1135 668,1134 669,1134 669,1132 670,1132 670,1131 671,1131 671,1130 672,1130 672,1128 673,1128 673,1127 674,1127 674,1126 675,1126 675,1125 676,1125 676,1124 677,1124 677,1123 679,1123 679,1122 679,1123 680,1123 680,1128 782,1128 782,1127 783,1127 783,1126 785,1126 785,1125 787,1125 787,1126 788,1126 788,1130 804,1130 804,1131 805,1131 805,1134 897,1134 897,1135 898,1135 898,1165 903,1165 903,1166 907,1166 907,1167 909,1167 909,1168 926,1168 926,1169 930,1169 930,1170 1095,1170 1095,1157 1096,1157 1096,1156 1097,1156 1097,1155 1098,1155 1098,1154 1099,1154 1099,1153 1100,1153 1100,1152 1101,1152 1101,1151 1102,1151 1102,1150 1103,1150 1103,1149 1104,1149 1104,1148 1105,1148 1105,1147 1106,1147 1106,1146 1107,1146 1107,1145 1108,1145 1108,1144 1109,1144 1109,1143 1110,1143 1110,1142 1112,1142 1112,1140 1113,1140 1113,1139 1114,1139 1114,1138 1115,1138 1115,1137 1116,1137 1116,1135 1117,1135 1117,1132 1118,1132 1118,1129 1119,1129 1119,1127 1120,1127 1120,1125 1121,1125 1121,1123 1122,1123 1122,1122 1123,1122 1123,1121 1124,1121 1124,1120 1131,1120 1131,1118 1133,1118 1133,1119 1134,1119 1134,1137 1208,1137 1208,1153 1310,1153 1310,1152 1311,1152 1311,1150 1312,1150 1312,1149 1313,1149 1313,1147 1314,1147 1314,1146 1315,1146 1315,1145 1320,1145 1320,1146 1322,1146 1322,1147 1323,1147 1323,1158 1448,1158 1448,1157 1449,1157 1449,1156 1450,1156 1450,1155 1451,1155 1451,1154 1452,1154 1452,1153 1453,1153 1453,1152 1454,1152 1454,1151 1455,1151 1455,1150 1456,1150 1456,1149 1457,1149 1457,1148 1459,1148 1459,1147 1551,1147 1551,1146 1552,1146 1552,1145 1553,1145 1553,1143 1554,1143 1554,1142 1555,1142 1555,1141 1558,1141 1558,1137 1559,1137 1559,1136 1563,1136 1563,1131 1564,1131 1564,1130 1565,1130 1565,1129 1566,1129 1566,1128 1567,1128 1567,1127 1568,1127 1568,1126 1569,1126 1569,1125 1571,1125 1571,1124 1572,1124 1572,1125 1573,1125 1573,1126 1574,1126 1574,1138 1587,1138 1587,1139 1588,1139 1588,1145 1708,1145 1708,1116 1709,1116 1709,1115 1712,1115 1712,1117 1713,1117 1713,1123 1780,1123 1780,1124 1781,1124 1781,1125 1782,1125 1782,1133 1846,1133 1846,1169 1847,1169 1847,1170 1848,1170 1847,1170 1847,1171 1821,1171 1821,1172 1819,1172 1819,1173 1818,1173 1818,1174 1817,1174 1817,1175 1816,1175 1816,1176 1815,1176 1815,1177 1814,1177 1814,1179 1813,1179 1813,1180 1812,1180 1812,1181 1811,1181 1811,1182 1774,1182 1774,1183 1741,1183 1741,1185 1740,1185 1740,1187 1739,1187 1739,1188 1738,1188 1738,1190 1737,1190 1737,1192 1736,1192 1736,1194 1735,1194 1735,1196 1734,1196 1734,1197 1733,1197 1733,1198 1732,1198 1732,1200 1731,1200 1731,1201 1730,1201 1730,1202 1729,1202 1729,1203 1728,1203 1728,1205 1727,1205 1727,1206 1726,1206 1726,1207 1725,1207 1725,1208 1724,1208 1724,1209 1721,1209 1721,1208 1720,1208 1720,1186 1556,1186 1556,1188 1555,1188 1555,1189 1554,1189 1554,1190 1483,1190 1483,1191 1482,1191 1482,1192 1478,1192 1478,1191 1436,1191 1436,1190 1276,1190 1276,1191 1239,1191 1239,1190 1237,1190 1237,1189 1236,1189 1236,1188 1227,1188 1227,1187 1202,1187 1202,1186 1201,1186 1201,1185 1043,1185 1043,1186 1042,1186 1042,1187 1040,1187 1040,1188 997,1188 997,1189 996,1189 996,1190 993,1190 993,1191 990,1191 990,1192 984,1192 984,1193 954,1193 954,1199 953,1199 953,1200 948,1200 948,1204 947,1204 947,1205 945,1205 945,1206 944,1206 944,1207 943,1207 943,1208 942,1208 942,1209 941,1209 941,1210 939,1210 939,1211 937,1211 937,1212 935,1212 935,1213 933,1213 933,1214 929,1214 929,1215 927,1215 927,1216 925,1216 925,1217 920,1217 920,1216 915,1216 915,1215 914,1215 914,1214 913,1214 913,1213 911,1213 911,1211 910,1211 910,1206 908,1206 908,1205 907,1205 907,1202 745,1202 745,1232 744,1232 744,1234 743,1234 743,1235 742,1235 742,1236 741,1236 741,1237 739,1237 739,1238 708,1238 708,1239 707,1239 707,1240 706,1240 706,1241 705,1241 705,1242 704,1242 704,1243 703,1243 703,1244 702,1244 702,1245 700,1245 700,1215 622,1215 622,1214 619,1214 619,1213 618,1213 618,1180 582,1180 582,1179 492,1179 492,1178 488,1178 488,1177 487,1177 487,1175 473,1175 473,1174 435,1174 435,1173 422,1173 422,1172 421,1172 421,1171 269,1171 269,1172 268,1172 268,1173 267,1173 267,1175 266,1175 266,1176 265,1176 265,1180 264,1180 264,1181 263,1181 263,1182 262,1182 262,1184 261,1184 261,1186 260,1186 260,1187 259,1187 259,1189 258,1189 258,1190 257,1190 257,1192 256,1192 256,1193 255,1193 255,1194 253,1194 253,1193 252,1193 252,1164 216,1164 216,1163 192,1163 192,1162 189,1162 189,1161 188,1161 188,1159 189,1159 189,1157 190,1157 190,1155 191,1155 191,1154 192,1154 192,1152 193,1152 193,1150 194,1150 194,1148 195,1148 195,1147 196,1147 196,1145 197,1145 197,1144 198,1144 198,1142 199,1142 199,1140 200,1140 200,1138 201,1138 201,1132 202,1132 202,1130 203,1130 203,1129 204,1129 204,1127 205,1127 205,1125 206,1125 206,1124 207,1124 207,1123 208,1123 208,1122 209,1122 209,1120 210,1120 210,1119 211,1119 211,1118 212,1118 212,1116 213,1116 213,1114 214,1114 214,1113 215,1113 215,1111 216,1111 216,1110 217,1110 217,1108 218,1108 218,1107 219,1107 219,1106 220,1106 220,1105" />
        <TextEquiv>
          <Unicode>be punished as for ^ &lt;gap/&gt; or Embezzlement. It is in fact</Unicode>
        </TextEquiv>
      </TextLine>
      <TextLine id="4917">
        <Coords points="532,1295 541,1295 542,1296 543,1296 545,1298 1571,1298 1578,1305 1702,1305 1703,1306 1788,1306 1819,1337 1840,1337 1847,1344 1849,1344 1850,1345 1864,1345 1865,1346 1866,1346 1866,1349 1865,1349 1863,1351 1863,1354 1692,1354 1691,1355 1680,1355 1664,1371 1585,1371 1534,1398 1483,1392 1277,1392 1274,1389 412,1389 377,1354 302,1354 298,1350 200,1350 199,1349 187,1349 186,1348 186,1346 187,1345 187,1344 188,1343 188,1342 193,1337 194,1337 195,1336 196,1336 197,1335 198,1335 199,1334 249,1334 261,1322 261,1321 271,1311 271,1310 276,1305 276,1304 282,1298 522,1298 523,1297 524,1297 525,1296 531,1296" />
        <TextEquiv>
          <Unicode>a kind of Embezzlement. It is detaining upon false pretenc=</Unicode>
        </TextEquiv>
      </TextLine>
      <TextLine id="4918">
        <Coords points="1832,1475 1834,1475 1846,1487 1855,1487 1860,1492 1860,1493 1862,1495 1862,1499 1863,1500 1863,1539 1861,1539 1857,1543 1856,1543 1853,1546 1853,1547 1851,1549 1850,1549 1847,1552 1846,1552 1844,1554 1843,1554 1842,1555 1840,1555 1839,1556 1837,1556 1836,1557 1779,1557 1766,1570 1427,1570 1425,1572 1424,1572 1423,1573 1422,1573 1421,1574 304,1574 263,1533 204,1533 192,1521 192,1520 191,1519 191,1518 190,1517 190,1509 192,1507 342,1507 360,1489 361,1489 362,1488 1205,1488 1206,1487 1207,1487 1209,1485 1210,1485 1211,1484 1782,1484 1786,1480 1826,1480 1829,1477 1830,1477" />
        <TextEquiv>
          <Unicode>:es effects which, the moment his Insolvency stands confessed,</Unicode>
        </TextEquiv>
      </TextLine>
      <TextLine id="4919">
        <Coords points="1509,1642 1536,1669 1683,1669 1684,1670 1690,1670 1696,1676 1780,1676 1790,1686 1796,1686 1840,1691 1855,1701 1856,1702 1857,1702 1857,1719 1862,1724 1862,1725 1858,1729 1651,1729 1644,1736 1484,1736 1464,1756 1463,1756 1462,1757 1461,1757 1460,1758 1140,1758 1129,1769 1126,1769 1115,1758 1076,1758 1075,1757 1074,1757 1063,1746 979,1746 978,1745 903,1745 890,1732 472,1732 471,1731 470,1731 468,1729 395,1729 394,1728 366,1728 365,1727 363,1727 360,1724 340,1724 339,1723 308,1723 307,1722 243,1722 242,1721 240,1721 239,1720 205,1720 204,1719 203,1719 202,1718 193,1718 192,1717 191,1717 191,1714 192,1713 192,1712 195,1709 195,1708 197,1706 198,1706 200,1704 302,1704 327,1679 328,1679 329,1678 837,1678 840,1675 841,1675 842,1674 843,1674 844,1673 1478,1673" />
        <TextEquiv>
          <Unicode>are declared to be not his property, but that of his Creditors.</Unicode>
        </TextEquiv>
      </TextLine>
      <TextLine id="4920">
        <Coords points="452,1889 453,1890 468,1890 474,1896 489,1896 490,1897 491,1897 499,1905 878,1905 892,1919 1874,1919 1892,1935 1874,1958 1871,1958 1869,1960 1867,1960 1866,1961 1862,1961 1860,1963 1859,1963 1858,1964 1856,1964 1855,1965 1771,1965 1770,1966 1752,1966 1751,1967 1747,1967 1746,1968 1658,1968 1657,1969 1656,1969 1655,1970 1654,1970 1653,1971 1652,1971 1651,1972 1622,1972 1621,1973 1616,1973 1615,1974 1477,1974 1476,1975 1418,1975 1416,1977 1175,1977 1142,2010 1140,2010 1139,2011 1138,2011 1137,2010 1136,2010 1131,2005 574,2005 528,1959 504,1959 503,1958 502,1958 500,1956 479,1956 476,1953 457,1953 455,1951 437,1951 435,1949 421,1949 421,1946 424,1943 424,1941 425,1940 425,1939 427,1937 427,1936 429,1934 429,1933 430,1932 430,1931 431,1930 431,1929 432,1928 432,1927 433,1926 433,1923 434,1922 434,1921 436,1919 436,1916 437,1915 437,1913 439,1911 439,1910 440,1909 440,1907 441,1906 441,1903 442,1902 442,1901 444,1899 444,1898 446,1896 446,1895 448,1893 448,1892 450,1890 451,1890" />
        <TextEquiv>
          <Unicode>With regard to Insolvency of which the cause does not</Unicode>
        </TextEquiv>
      </TextLine>
      <TextLine id="4921">
        <Coords points="266,2095 269,2095 270,2096 306,2096 311,2101 644,2101 652,2109 907,2109 908,2110 911,2110 913,2112 1065,2112 1068,2115 1746,2115 1747,2116 1748,2116 1758,2126 1810,2126 1857,2173 1857,2174 1856,2175 1855,2175 1853,2177 1853,2181 1852,2182 1772,2182 1770,2184 1770,2185 1769,2186 1769,2188 1768,2189 1768,2191 1767,2192 1767,2193 1766,2194 1766,2195 1765,2196 1765,2198 1764,2199 1764,2200 1763,2201 1763,2202 1762,2203 1762,2204 1761,2205 1761,2207 1759,2209 1759,2210 1755,2214 1752,2214 1751,2215 1750,2214 1749,2214 1743,2208 1540,2208 1539,2207 1536,2207 1535,2206 1534,2206 1533,2205 1531,2205 1530,2204 1529,2204 1528,2203 1527,2203 1519,2195 1260,2195 1259,2194 1223,2194 1207,2178 677,2178 668,2169 225,2169 225,2150 209,2134 209,2131 210,2130 210,2128 211,2127 211,2125 216,2120 241,2120" />
        <TextEquiv>
          <Unicode>appear, let it be presumed to have happened through misfor=</Unicode>
        </TextEquiv>
      </TextLine>
      <TextLine id="4922">
        <Coords points="442,2276 446,2276 449,2279 465,2279 470,2284 540,2284 542,2286 764,2286 769,2291 790,2291 794,2295 1122,2295 1127,2300 1478,2300 1481,2303 1773,2303 1781,2311 1783,2311 1810,2338 1860,2338 1860,2339 1862,2341 1862,2349 1861,2350 1861,2351 1860,2352 1860,2353 1856,2357 1849,2357 1848,2358 1833,2358 1832,2359 1831,2359 1828,2362 1827,2362 1826,2363 1825,2363 1824,2364 1823,2364 1822,2365 1737,2365 1713,2389 1712,2389 1709,2392 1708,2392 1707,2393 1706,2392 1705,2392 1680,2367 1204,2367 1198,2361 415,2361 414,2360 414,2351 401,2338 321,2338 320,2337 220,2337 219,2336 219,2325 202,2308 203,2307 221,2307 245,2283 434,2283 439,2278 440,2278" />
        <TextEquiv>
          <Unicode>:tune. If there be blame let it lie upon the Creditor to Shew</Unicode>
        </TextEquiv>
      </TextLine>
      <TextLine id="4923">
        <Coords points="258,2465 258,2482 275,2482 275,2483 279,2483 279,2485 280,2485 280,2486 279,2486 279,2487 278,2487 278,2488 265,2488 265,2496 266,2496 266,2497 268,2497 268,2498 270,2498 270,2499 273,2499 273,2500 275,2500 275,2501 278,2501 278,2502 279,2502 279,2503 281,2503 281,2504 284,2504 284,2505 286,2505 286,2506 289,2506 289,2507 290,2507 290,2508 293,2508 293,2509 295,2509 295,2510 298,2510 298,2511 300,2511 300,2512 302,2512 302,2513 304,2513 304,2514 305,2514 305,2515 303,2515 303,2514 301,2514 301,2513 299,2513 299,2512 297,2512 297,2511 294,2511 294,2510 292,2510 292,2509 289,2509 289,2508 288,2508 288,2507 285,2507 285,2506 283,2506 283,2505 280,2505 280,2504 278,2504 278,2503 277,2503 277,2502 274,2502 274,2501 272,2501 272,2500 269,2500 269,2499 267,2499 267,2498 265,2498 265,2509 264,2509 264,2511 260,2511 260,2510 234,2510 234,2507 219,2507 219,2506 216,2506 216,2484 211,2484 211,2482 212,2482 212,2481 232,2481 232,2468 233,2468 233,2467 255,2467 255,2466 256,2466 256,2465" />
        <TextEquiv>
          <Unicode>it.</Unicode>
        </TextEquiv>
      </TextLine>
      <TextLine id="4924">
        <Coords points="400,2555 400,2562 413,2562 413,2563 414,2563 414,2564 437,2564 437,2565 438,2565 438,2567 439,2567 439,2598 556,2598 556,2597 557,2597 557,2596 558,2596 558,2595 560,2595 560,2594 561,2594 561,2593 562,2593 562,2592 563,2592 563,2590 565,2590 565,2589 568,2589 568,2585 569,2585 569,2584 570,2584 570,2582 571,2582 571,2581 572,2581 572,2580 573,2580 573,2579 574,2579 574,2578 575,2578 575,2577 576,2577 576,2576 593,2576 593,2575 594,2575 594,2574 595,2574 595,2573 665,2573 665,2572 666,2572 666,2571 668,2571 668,2570 678,2570 678,2571 709,2571 709,2572 710,2572 710,2586 785,2586 785,2617 892,2617 892,2616 893,2616 893,2615 894,2615 894,2614 895,2614 895,2613 896,2613 896,2611 897,2611 897,2610 898,2610 898,2608 899,2608 899,2607 900,2607 900,2605 901,2605 901,2604 902,2604 902,2602 903,2602 903,2600 904,2600 904,2598 905,2598 905,2596 906,2596 906,2595 907,2595 907,2593 1033,2593 1033,2586 1034,2586 1034,2585 1038,2585 1038,2612 1147,2612 1147,2610 1148,2610 1148,2609 1149,2609 1149,2608 1151,2608 1151,2605 1152,2605 1152,2604 1153,2604 1153,2602 1154,2602 1154,2601 1155,2601 1155,2599 1156,2599 1156,2598 1158,2598 1158,2597 1159,2597 1159,2598 1160,2598 1160,2630 1171,2630 1171,2631 1184,2631 1184,2632 1185,2632 1185,2633 1288,2633 1288,2632 1290,2632 1290,2631 1291,2631 1291,2630 1292,2630 1292,2626 1294,2626 1294,2625 1295,2625 1295,2624 1296,2624 1296,2622 1297,2622 1297,2621 1298,2621 1298,2620 1299,2620 1299,2618 1300,2618 1300,2616 1301,2616 1301,2615 1302,2615 1302,2614 1303,2614 1303,2612 1304,2612 1304,2611 1305,2611 1305,2609 1307,2609 1307,2608 1310,2608 1310,2610 1401,2610 1401,2612 1512,2612 1512,2611 1514,2611 1514,2610 1517,2610 1517,2613 1623,2613 1623,2612 1624,2612 1624,2611 1625,2611 1625,2610 1626,2610 1626,2609 1627,2609 1627,2608 1628,2608 1628,2607 1629,2607 1629,2606 1630,2606 1630,2605 1633,2605 1633,2606 1634,2606 1634,2607 1659,2607 1659,2608 1660,2608 1660,2610 1778,2610 1778,2600 1779,2600 1779,2598 1780,2598 1780,2596 1781,2596 1781,2595 1784,2595 1784,2596 1785,2596 1785,2635 1806,2635 1806,2636 1809,2636 1809,2637 1810,2637 1810,2638 1816,2638 1816,2639 1819,2639 1819,2641 1820,2641 1820,2646 1832,2646 1832,2647 1833,2647 1833,2648 1831,2648 1831,2649 1822,2649 1822,2650 1816,2650 1816,2651 1812,2651 1812,2652 1796,2652 1796,2653 1679,2653 1679,2655 1678,2655 1678,2657 1677,2657 1677,2658 1676,2658 1676,2660 1675,2660 1675,2661 1674,2661 1674,2663 1673,2663 1673,2664 1672,2664 1672,2665 1671,2665 1671,2667 1670,2667 1670,2669 1669,2669 1669,2670 1668,2670 1668,2672 1667,2672 1667,2675 1666,2675 1666,2677 1665,2677 1665,2678 1664,2678 1664,2679 1663,2679 1663,2680 1662,2680 1662,2682 1661,2682 1661,2683 1660,2683 1660,2685 1659,2685 1659,2687 1658,2687 1658,2688 1657,2688 1657,2689 1656,2689 1656,2690 1655,2690 1655,2691 1654,2691 1654,2693 1653,2693 1653,2694 1652,2694 1652,2695 1651,2695 1651,2696 1650,2696 1650,2697 1649,2697 1649,2698 1646,2698 1646,2699 1642,2699 1642,2698 1641,2698 1641,2696 1640,2696 1640,2656 1510,2656 1510,2655 1483,2655 1483,2654 1423,2654 1423,2653 1375,2653 1375,2652 1372,2652 1372,2651 1326,2651 1326,2650 1283,2650 1283,2649 1245,2649 1245,2648 1226,2648 1226,2647 1207,2647 1207,2646 1205,2646 1205,2645 1078,2645 1078,2644 1068,2644 1068,2643 1067,2643 1067,2642 1052,2642 1052,2641 1033,2641 1033,2640 1020,2640 1020,2639 1002,2639 1002,2638 986,2638 986,2637 983,2637 983,2636 883,2636 883,2633 798,2633 798,2631 779,2631 779,2630 758,2630 758,2629 756,2629 756,2628 728,2628 728,2627 703,2627 703,2626 702,2626 702,2624 598,2624 598,2623 565,2623 565,2621 471,2621 471,2620 469,2620 469,2618 445,2618 445,2617 444,2617 444,2616 411,2616 411,2611 392,2611 392,2610 391,2610 391,2609 374,2609 374,2608 373,2608 373,2606 374,2606 374,2604 375,2604 375,2603 376,2603 376,2600 377,2600 377,2599 378,2599 378,2580 379,2580 379,2579 380,2579 380,2577 381,2577 381,2576 387,2576 387,2570 390,2570 390,2566 391,2566 391,2565 393,2565 393,2564 394,2564 394,2563 395,2563 395,2560 396,2560 396,2558 397,2558 397,2557 398,2557 398,2556 399,2556 399,2555" />
        <TextEquiv>
          <Unicode>Where the Debtor at a time he contracted the obligation</Unicode>
        </TextEquiv>
      </TextLine>
      <TextLine id="4925">
        <Coords points="269,2742 277,2742 278,2743 283,2743 284,2744 286,2744 287,2745 288,2745 289,2746 290,2746 291,2747 292,2747 293,2748 294,2748 295,2749 296,2749 298,2751 300,2751 301,2752 302,2752 303,2753 304,2753 307,2756 308,2756 312,2760 456,2760 457,2761 713,2761 717,2765 838,2765 850,2777 1026,2777 1029,2780 1361,2780 1362,2781 1366,2781 1367,2782 1368,2782 1371,2785 1373,2785 1374,2786 1375,2786 1377,2788 1878,2788 1879,2789 1879,2790 1878,2791 1878,2796 1876,2798 1876,2799 1873,2802 1873,2803 1872,2804 1872,2805 1871,2805 1895,2824 1866,2830 1865,2830 1864,2831 1858,2831 1857,2832 1771,2832 1770,2833 1723,2833 1722,2834 1685,2834 1684,2835 1683,2835 1682,2836 1661,2836 1659,2838 1497,2838 1493,2842 1493,2843 1491,2845 1491,2846 1488,2849 1488,2850 1486,2852 1486,2854 1483,2857 1483,2858 1478,2863 672,2837 488,2837 487,2836 485,2836 484,2835 481,2835 480,2834 479,2834 450,2805 439,2805 438,2804 427,2804 425,2802 360,2802 356,2798 280,2798 279,2797 211,2797 211,2796 215,2792 216,2792 217,2791 218,2791 219,2790 220,2790 267,2743 268,2743" />
        <TextEquiv>
          <Unicode>said nothing of his circumstances , nor used any art to conceal</Unicode>
        </TextEquiv>
      </TextLine>
      <TextLine id="4926">
        <Coords points="658,2880 787,2862 858,2901 837,2945 811,2944 810,2942 720,2940 667,2931 644,2910" />
        <TextEquiv>
          <Unicode>them</Unicode>
        </TextEquiv>
      </TextLine>
      <TextLine id="4927">
        <Coords points="868,2950 1800,2950 1830,2980 1835,2980 1838,2983 1838,2993 1833,2998 1832,2998 1831,2999 1830,2999 1829,3000 1828,3000 1827,3001 1826,3001 1825,3002 1821,3002 1820,3003 1764,3003 1763,3004 1719,3004 1691,3032 1681,3042 1588,3038 631,3038 621,3028 497,3028 473,3004 432,3004 409,2981 367,2981 366,2980 353,2980 352,2979 350,2979 349,2978 312,2978 311,2977 295,2977 292,2974 238,2974 233,2969 212,2969 211,2968 211,2967 212,2966 212,2965 213,2964 213,2962 214,2961 214,2960 217,2957 217,2956 220,2953 221,2953 222,2952 348,2952 369,2931 370,2931 371,2930 551,2922" />
        <TextEquiv>
          <Unicode>or misrepresent ^ his circumstances; in such case, although he</Unicode>
        </TextEquiv>
      </TextLine>
      <TextLine id="4928">
        <Coords points="1554,3072 1608,3054 1694,3050 1770,3050 1775,3052 1804,3101 1788,3121 1774,3127 1772,3127 1632,3112 1572,3114 1540,3112 1532,3094" />
        <TextEquiv>
          <Unicode>the debt,</Unicode>
        </TextEquiv>
      </TextLine>
      <TextLine id="4929">
        <Coords points="1810,3123 1823,3123 1824,3124 1825,3124 1825,3125 1869,3169 1868,3170 1859,3170 1858,3171 1857,3171 1856,3172 1834,3172 1833,3173 1818,3173 1817,3174 1723,3174 1722,3175 1654,3175 1647,3182 1646,3182 1645,3183 1644,3183 1643,3184 1642,3184 1641,3185 1640,3185 1639,3186 1603,3186 1584,3205 1583,3205 1582,3206 1580,3206 1577,3209 1576,3209 1575,3210 1574,3210 1573,3211 1572,3211 1569,3214 1568,3214 1567,3215 1543,3215 1540,3218 1539,3218 1536,3215 1192,3215 1170,3193 1148,3193 1135,3180 706,3180 684,3158 625,3158 622,3155 537,3155 536,3154 492,3154 491,3153 392,3153 392,3148 391,3147 331,3147 330,3146 310,3146 309,3145 291,3145 289,3143 273,3143 270,3140 258,3140 257,3139 234,3139 233,3138 216,3138 216,3135 217,3134 217,3133 222,3128 222,3127 226,3123 226,3122 227,3121 227,3112 228,3111 228,3110 230,3108 230,3107 232,3105 232,3104 242,3094 242,3093 245,3090 245,3089 247,3087 1521,3104" />
        <TextEquiv>
          <Unicode>knew he had no probable means of discharging it let him</Unicode>
        </TextEquiv>
      </TextLine>
      <TextLine id="4930">
        <Coords points="625,3276 636,3276 637,3277 639,3277 640,3278 924,3278 927,3281 1003,3281 1004,3282 1005,3282 1007,3284 1008,3284 1010,3286 1010,3287 1012,3289 1012,3290 1013,3291 1244,3291 1245,3292 1362,3292 1364,3294 1642,3294 1643,3295 1646,3295 1647,3296 1773,3296 1800,3323 1869,3323 1869,3324 1870,3325 1870,3326 1869,3327 1869,3328 1868,3329 1868,3330 1867,3331 1867,3332 1865,3334 1865,3335 1864,3335 1861,3338 1861,3339 1858,3342 1857,3342 1856,3343 1855,3343 1854,3344 1853,3344 1852,3345 1778,3345 1744,3379 1739,3379 1731,3371 758,3371 735,3348 400,3348 379,3327 330,3327 328,3325 248,3325 246,3323 216,3323 211,3318 208,3318 208,3315 209,3314 209,3313 210,3312 210,3311 212,3309 213,3309 214,3308 215,3308 216,3307 221,3307 222,3306 274,3306 293,3287 349,3287 354,3282 438,3282 441,3279 601,3279 602,3278 622,3278 623,3277 624,3277" />
        <TextEquiv>
          <Unicode>not be punished as for fraud: let him be punished only as</Unicode>
        </TextEquiv>
      </TextLine>
      <TextLine id="4931">
        <Coords points="255,3446 256,3446 268,3458 650,3458 655,3463 1381,3463 1385,3467 1767,3467 1771,3471 1793,3471 1831,3509 1834,3509 1842,3517 1848,3517 1849,3518 1849,3520 1848,3521 1791,3521 1790,3522 1731,3522 1730,3523 1639,3523 1638,3524 1448,3524 1447,3525 1425,3525 1424,3526 1355,3526 1331,3550 1330,3550 1329,3551 777,3551 749,3561 452,3561 428,3537 204,3537 204,3532 205,3532 206,3531 206,3530 211,3525 211,3524 212,3523 212,3522 213,3521 213,3476 214,3475 224,3475 252,3447 254,3447" />
        <TextEquiv>
          <Unicode>for rashness. As where a Man asks his friend to lend him</Unicode>
        </TextEquiv>
      </TextLine>
      <TextLine id="4932">
        <Coords points="1224,3635 1225,3635 1235,3645 1333,3645 1334,3646 1518,3646 1524,3652 1660,3652 1667,3659 1670,3659 1689,3678 1693,3678 1699,3684 1734,3684 1737,3687 1743,3687 1744,3688 1763,3688 1765,3690 1845,3690 1848,3693 1875,3693 1876,3694 1876,3697 1875,3698 1898,3720 1890,3738 1863,3718 1859,3722 1859,3723 1856,3726 1856,3727 1855,3728 1855,3729 1853,3731 1853,3732 1852,3732 1850,3734 1850,3735 1846,3739 1846,3740 1838,3748 1837,3748 1835,3750 1834,3750 1833,3751 1829,3751 1828,3750 1827,3750 1820,3743 317,3743 265,3691 260,3691 259,3690 242,3690 240,3688 227,3688 226,3687 213,3687 209,3683 203,3683 203,3677 204,3677 205,3676 206,3676 207,3675 208,3675 209,3674 210,3674 211,3673 212,3673 213,3672 220,3672 221,3671 222,3671 223,3670 446,3670 469,3647 1212,3647" />
        <TextEquiv>
          <Unicode>money without saying more; and the friend lends the money</Unicode>
        </TextEquiv>
      </TextLine>
      <TextLine id="4933">
        <Coords points="795,3834 795,3835 796,3835 796,3836 797,3836 797,3879 803,3879 803,3880 844,3880 844,3881 845,3881 845,3882 886,3882 886,3883 1008,3883 1008,3852 1009,3852 1009,3850 1010,3850 1010,3849 1012,3849 1012,3850 1013,3850 1013,3851 1014,3851 1014,3886 1151,3886 1151,3885 1152,3885 1152,3884 1153,3884 1153,3883 1154,3883 1154,3882 1155,3882 1155,3881 1194,3881 1194,3879 1195,3879 1195,3878 1196,3878 1196,3877 1197,3877 1197,3876 1198,3876 1198,3875 1199,3875 1199,3874 1200,3874 1200,3873 1201,3873 1201,3872 1202,3872 1202,3871 1203,3871 1203,3869 1204,3869 1204,3868 1205,3868 1205,3866 1206,3866 1206,3864 1207,3864 1207,3863 1208,3863 1208,3862 1209,3862 1209,3860 1210,3860 1210,3858 1211,3858 1211,3857 1212,3857 1212,3855 1214,3855 1214,3854 1278,3854 1278,3852 1279,3852 1279,3851 1280,3851 1280,3850 1281,3850 1281,3848 1282,3848 1282,3847 1283,3847 1283,3846 1284,3846 1284,3845 1285,3845 1285,3844 1286,3844 1286,3843 1288,3843 1288,3844 1391,3844 1391,3845 1392,3845 1392,3846 1429,3846 1429,3847 1430,3847 1430,3885 1538,3885 1538,3877 1541,3877 1541,3876 1556,3876 1556,3875 1557,3875 1557,3874 1558,3874 1558,3873 1577,3873 1577,3865 1578,3865 1578,3864 1579,3864 1579,3863 1581,3863 1581,3862 1582,3862 1582,3861 1583,3861 1583,3860 1584,3860 1584,3859 1585,3859 1585,3857 1586,3857 1586,3856 1587,3856 1587,3855 1588,3855 1588,3854 1589,3854 1589,3853 1590,3853 1590,3852 1591,3852 1591,3851 1592,3851 1592,3850 1593,3850 1593,3848 1594,3848 1594,3847 1595,3847 1595,3846 1598,3846 1598,3848 1599,3848 1599,3875 1723,3875 1723,3873 1724,3873 1724,3871 1725,3871 1725,3869 1726,3869 1726,3867 1727,3867 1727,3866 1729,3866 1729,3865 1731,3865 1731,3866 1732,3866 1732,3867 1733,3867 1733,3886 1742,3886 1742,3887 1744,3887 1744,3891 1743,3891 1743,3892 1659,3892 1659,3928 1659,3898 1541,3898 1541,3899 1498,3899 1498,3900 1483,3900 1483,3901 1481,3901 1481,3902 1480,3902 1480,3903 1478,3903 1478,3901 1364,3901 1364,3902 1363,3902 1363,3910 1361,3910 1361,3911 1358,3911 1358,3910 1357,3910 1357,3905 1298,3905 1298,3904 1296,3904 1296,3902 1188,3902 1188,3903 1187,3903 1187,3904 1183,3904 1183,3903 1061,3903 1061,3904 1060,3904 1060,3905 1059,3905 1059,3907 1058,3907 1058,3908 1057,3908 1057,3910 1056,3910 1056,3912 1055,3912 1055,3915 1054,3915 1054,3916 1053,3916 1053,3917 1052,3917 1052,3918 1051,3918 1051,3919 1050,3919 1050,3920 1049,3920 1049,3921 1048,3921 1048,3922 1047,3922 1047,3923 1046,3923 1046,3924 1045,3924 1045,3925 1043,3925 1043,3926 1042,3926 1042,3927 1041,3927 1041,3928 1039,3928 1039,3929 1038,3929 1038,3930 1037,3930 1037,3931 1035,3931 1035,3932 1033,3932 1033,3933 1030,3933 1030,3934 1027,3934 1027,3935 1021,3935 1021,3936 929,3936 929,3938 928,3938 928,3939 926,3939 926,3940 923,3940 923,3919 821,3919 821,3920 819,3920 819,3921 817,3921 817,3922 815,3922 815,3923 814,3923 814,3924 812,3924 812,3925 810,3925 810,3926 806,3926 806,3927 800,3927 800,3928 800,3927 785,3927 785,3926 783,3926 783,3925 781,3925 781,3924 777,3924 777,3923 775,3923 775,3922 773,3922 773,3921 772,3921 772,3920 771,3920 771,3918 770,3918 770,3916 769,3916 769,3915 768,3915 768,3914 767,3914 767,3913 766,3913 766,3892 756,3892 756,3891 737,3891 737,3890 716,3890 716,3889 657,3889 657,3887 526,3887 526,3886 512,3886 512,3884 498,3884 498,3883 354,3883 354,3884 352,3884 352,3883 250,3883 250,3882 214,3882 214,3881 213,3881 213,3879 214,3879 214,3878 215,3878 215,3876 216,3876 216,3875 217,3875 217,3873 218,3873 218,3872 219,3872 219,3870 220,3870 220,3869 221,3869 221,3867 223,3867 223,3866 225,3866 225,3865 227,3865 227,3864 253,3864 253,3863 255,3863 255,3862 257,3862 257,3860 258,3860 258,3858 259,3858 259,3857 260,3857 260,3856 261,3856 261,3855 262,3855 262,3853 263,3853 263,3852 264,3852 264,3850 265,3850 265,3849 266,3849 266,3847 267,3847 267,3845 268,3845 268,3843 269,3843 269,3841 270,3841 270,3839 271,3839 271,3837 272,3837 272,3836 273,3836 273,3835 276,3835 276,3865 397,3865 397,3861 477,3861 477,3844 478,3844 478,3843 520,3843 520,3842 521,3842 521,3841 522,3841 522,3839 523,3839 523,3838 525,3838 525,3837 543,3837 543,3839 544,3839 544,3845 630,3845 630,3857 639,3857 639,3858 640,3858 640,3871 746,3871 746,3870 747,3870 747,3869 748,3869 748,3868 749,3868 749,3867 750,3867 750,3865 751,3865 751,3864 752,3864 752,3863 753,3863 753,3862 754,3862 754,3860 755,3860 755,3859 756,3859 756,3857 757,3857 757,3856 758,3856 758,3855 759,3855 759,3853 760,3853 760,3852 761,3852 761,3850 762,3850 762,3849 763,3849 763,3848 764,3848 764,3846 765,3846 765,3844 766,3844 766,3843 767,3843 767,3842 792,3842 792,3836 793,3836 793,3835 794,3835 794,3834" />
        <TextEquiv>
          <Unicode>at once without making enquiry as to his Circumstances.</Unicode>
        </TextEquiv>
      </TextLine>
      <TextLine id="4934">
        <Coords points="1799,3922 1799,3924 1800,3924 1800,3967 1801,3967 1801,3968 1804,3968 1804,3969 1805,3969 1805,3970 1806,3970 1806,3972 1805,3972 1805,3973 1768,3973 1768,3974 1767,3974 1767,3976 1766,3976 1766,3979 1765,3979 1765,3981 1764,3981 1764,3983 1763,3983 1763,3984 1762,3984 1762,3985 1761,3985 1761,3987 1760,3987 1760,3989 1759,3989 1759,3991 1758,3991 1758,3993 1757,3993 1757,3994 1756,3994 1756,3995 1755,3995 1755,3997 1754,3997 1754,3998 1753,3998 1753,3999 1752,3999 1752,4000 1750,4000 1750,3999 1749,3999 1749,3981 1730,3981 1730,3980 1729,3980 1729,3979 1728,3979 1728,3973 1729,3973 1729,3972 1730,3972 1730,3971 1745,3971 1745,3970 1746,3970 1746,3969 1747,3969 1747,3968 1748,3968 1748,3967 1749,3967 1749,3966 1750,3966 1750,3964 1751,3964 1751,3963 1752,3963 1752,3962 1753,3962 1753,3961 1754,3961 1754,3960 1755,3960 1755,3958 1756,3958 1756,3943 1757,3943 1757,3940 1758,3940 1758,3938 1759,3938 1759,3937 1760,3937 1760,3936 1761,3936 1761,3934 1762,3934 1762,3933 1763,3933 1763,3931 1764,3931 1764,3930 1765,3930 1765,3929 1766,3929 1766,3928 1767,3928 1767,3927 1792,3927 1792,3926 1793,3926 1793,3925 1794,3925 1794,3923 1796,3923 1796,3922" />
        <TextEquiv>
          <Unicode>If</Unicode>
        </TextEquiv>
      </TextLine>
    </TextRegion>
  </Page>
</PcGts>