2731 4096
359 254 1715 403 Of Semi-public Offences in General.
180 497 1914 598 remainder of human creatures are either 1. Such whose intellectual faculties
167 592 1868 692 for want of time 2.
172 637 1915 778 ^ are not yet arrived to that degree of maturity, to wit Infants; or ^ who
1207 751 1720 824 accidental blemish;
201 792 1904 919 fail of possessing it by reason of some ^ accident; to wit persons in=
200 988 370 1038 :sane.
424 1043 1931 1149 From the action of inanimate bodies result different calami=
197 1198 1928 1311 :ties according to the different states or conditions of which those bodies
204 1345 1691 1453 are susceptible. There are three states or modes of existence
325 1508 1958 1597 1. There are three states or modes of existence of which every particle
212 1657 1917 1757 of matter appears to be susceptible; a state of solidity, a state of li=
201 1815 1872 1918 :quidity, and a state of air or vapour. Under the term fluidity the
1557 1912 1901 1972 Now then <gap/>
216 1968 1919 2070 two states of liquidity and vapour are both comprized. ^ It may be termed
875 2078 1707 2164 the attraction of gravity overcoming
206 2119 1910 2235 Collapsion where (by a force which overcomes that of chesion] large
212 2272 1895 2372 masses of solid matter fall in together, it may be termed Col­
200 2355 460 2420 ­lapsion.
423 2397 1846 2510 Inundation is where large masses of liquid matter (usually
206 2547 1916 2664 waters) spread with violence beyond their bounds, in such manner as to
860 2657 1282 2734 the nature of a
207 2665 1894 2820 cover such solid bodies, to ^ which the being so covered is destructive.
425 2823 1926 2946 Where a body which is overborn and destroyed by Inundation
217 2992 1912 3083 is one which before was floating on the surface of the water, such as
216 3123 1850 3236 a Ship, the calamity is called drowning, sinking, or Submersion.
401 3242 1868 3386 Tempest, or a high Wind, is where a large part of the general
217 3422 1927 3512 Mass of elastic fluids, the atmosphere, is naturally moved in any direction
212 3564 1862 3658 with such a velocity as to produce destructive effects by virtue of its
397 3642 642 3720 force or
216 3703 618 3789 mechanic ^ power.
446 3786 1937 3889 Blight is where currents of air become destructive to the health
1781 3877 1924 4001 of
