2731 4096
871 235 2230 400 Of Frauds relative to the Coin.
843 513 2572 625 2. The Punishment if it were not groundless would be un=
817 677 2541 796 profitable: when it is only by a single piece or by a very few
811 861 2562 974 pieces at a time that a man puts off bad money it is impos=
829 1049 2561 1163 :sible to know by this circumstance alone that he really knows
829 1248 2562 1348 it to be bad: so that allowing of prosecutions in such a case
830 1427 2574 1534 would be more likely to be productive of vexation to the in=
828 1634 2569 1734 :nocent, than to be of any use towards the prevention of de=
1144 1817 1239 1896 (a)
830 1828 1153 1944 :linquency.
2321 1894 2537 1985 Quest.II.
1357 2036 1579 2105 Note.
981 2177 2537 2278 The particular subject matter of this Note, it will be observed,
852 2327 2538 2433 is local: but the general cautions that may be deduced from it are
849 2502 2577 2591 applicable to the Laws of all countries alike as well as to all man=­
1321 2598 2564 2701 It seemed therefore, that if permitted to stand, it
851 2673 2580 2771 :ner of offences. I thought, therefore, there would be no harm, in suffering
857 2771 1619 2862 might not be without its use .
855 2842 1432 2939 it to stand.
891 3025 951 3076 (a)
1060 3026 2562 3182 According to a British Statute (15. Geo. II. Ch. 28. S. 2)
855 3235 2582 3329 a severe punishment is inflicted on any man who utters coun=
864 3271 912 3305 a
873 3379 2570 3499 :terfeit money knowing it to be so, though there be no proof
875 3566 2578 3672 of his being in confederacy with the coiner, and without mak=
882 3744 2549 3837 :ing any distinction in favour of a man who has taken
2371 3873 2503 3932 bad
