2731 4096
426 254 1374 389 Of Culpable Insolvency.
405 571 1860 708 On the subject of Insolvency it were in vain to attempt to
132 751 1870 898 give the text of the Law unless the local and political circumstanc=
138 957 1848 1059 :es of the state were given. A few general outlines and loose hints
161 1136 1826 1222 are as much as on a Plan like the present there can be found
154 1328 411 1421 room for.
450 1404 1872 1571 Insolvency is where a Man being bound to pay a Debt
158 1635 1854 1741 or perform a service by a certain time fails to pay or perform it
159 1812 514 1865 at that time.
435 1838 1866 2008 Insolvency is either blameless or culpable. It is blameless
162 2075 1873 2163 when it is owing solely to misfortune. It is culpable when it is ow=
137 2238 1867 2340 :ing in any degree to Misconduct. Moreover, in the case of
145 2307 1901 2408 misconduct, the fault it is plain must lie either with
148 2374 2173 2467 understanding in the will or in the understanding, or in both at once.
357 2432 1877 2564 Insolvency is more or less culpable in the following
169 2581 361 2650 Cases.
315 2622 1865 2810 1. When at the time of contracting the Obligation, the debtor,
145 2837 1894 2985 knowing himself to have no probable chance of being able to dis=
977 2982 1354 3070 discharge it
140 3002 1898 3138 :charge it; but yet, intending to pay, if by any improbable accident
403 3162 500 3188 ever
148 3167 1898 3301 it should ^ thereafter come to be in his power, represented himself to
1326 3312 1555 3349 and that
167 3342 1891 3467 the Creditor as having a probable chance: ^ upon such and such
404 3464 857 3508 at the same time
156 3499 1866 3644 grounds, ^ knowing them to be false. In this case the debt may
152 3661 1894 3807 be said to have been contracted fraudulently, and the Insolvency
678 3834 1214 3905 (a) we see ,
130 3844 1898 3981 fraudulents ab initio. In this case ^ it was his Will which was in fault.
762 3941 945 3992 Note
1805 3958 1882 4024 2.
162 3951 1804 4037 (a) "Where from the beginning he never intended to pay in any event it is not
1641 4002 1821 4035 fraudulent.
