2731 4096
419 219 1529 377 Of Culpable Insolvency _
1558 482 1937 527 the same time
202 525 1910 631 happens that he has or has not friends who are at ^ one able and
191 685 1904 814 willing to pay instead of him. And why should a man who
203 785 1849 873 is friendless suffer a punishment from which he who has
178 835 1908 939 friends is exempted: he who is least able to bear it, have [+]
495 901 1905 986 But whether inefficacious or no, it is at all events un=
159 1064 1896 1160 :profitable. Why? Because for a man to feel to a certain degree
196 1229 1894 1335 for another, that other must have felt still more: and because
192 1402 1894 1500 the Insolvent and his friend are both made to suffer instead
200 1586 1362 1693 of the Creditor: two persons instead of one.
460 1761 1886 1861 In Scotland there is a custom not much indeed in use
205 1938 1892 2064 of obliging insolvents to distinguish themselves by a particular
205 2115 1931 2215 dress. The Idea seems an excellent one. I have endeavoured to
201 2265 1894 2388 improve upon it; but in the application no settled distinction
199 2460 1957 2556 seems to be made between misfortune and delinquency. I have
213 2544 1497 2641 here been endeavouring to improve upon it.
402 2672 1905 2780 If I were desired to make as bad a system of Laws as
200 2836 1907 2958 I could think of relative to Insolvency, to save trouble I would
202 3031 1921 3141 give in that which prevails in England. Some of the principal
206 3191 1964 3289 features I will here exhibit; because it is but too certain that
200 3384 1481 3473 many of them are to'be met with elsewhere.
463 3604 1949 3713 With regard to Insolvents at large, in the ordinary course
941 3717 1234 3782 his debtor
208 3780 1944 3895 any one Creditor may keep ^ them in perpetual Imprisonment. In=
1708 3907 1932 3985 :nocent
