2731 4096
1053 253 2261 397 Of Excuses Extenuations
816 521 2505 627 of his having heard somebody assert that there is no such
794 659 2484 794 Law. But with regard to acts of which the mischief is
800 839 2471 924 so obvious as these which affect a Man in his person
794 1001 2304 1129 such ignorance must needs be uncommon.
796 1161 2539 1311 [(B) Law] That is any profession of the Text of the writ=­
804 1353 1101 1430 ­:ten Law
807 1475 2488 1610 [(C) Unwritten Law] That is any rule deducible from
804 1668 2529 1783 the practice of Judges relative to the punishing an act
806 1830 1594 1920 of the sort in question. (a)
1225 2011 1738 2082 Main Text
1000 2170 2488 2302 But the presumption is that no man is unac=­
803 2310 2450 2447 ­:quainted with the Law; and this presumption is
793 2485 2426 2609 the stronger, the more obvious the evil tendency is of
799 2636 1392 2732 the act prohibited.
1061 2735 1454 2840 Extenuation
1160 2782 2486 3003 Excuse III. Innocence of Intention
1024 3030 2471 3158 It is an excuse if the party was really persuaded
1988 3204 2337 3258 such or such
804 3234 2502 3352 upon probable grounds of there being a ground of Jus=­
2261 3337 2494 3435 tification
1364 3430 1610 3497 Note.
808 3567 2470 3674 (a) It is to be observed, that if the Legislator fulfills his
803 3724 2471 3821 duty in this behalf, there can be no such thing as a rule of
811 3840 2481 3942 unwritten Law relating to a matter of this sort. See Tit. [Com=­
792 3911 1090 4017 ­:  position
