2731 4096
1561 43 1703 131 C
873 115 2182 261 Of Injuries affecting law-makers
994 247 2460 400 Of Kidnapping Confinement
879 521 2555 631 conveyed to another part of the world for change of air;
1121 671 1221 728 the
874 705 2558 820 or that  <gap/> disease will infect the neighbourhood un=
1647 821 1977 907 unfrequented
861 877 2528 994 :less he be removed to some ^ place: that is little fre=
870 1072 2539 1168 :quented: and the nearest place of that kind happens
866 1271 2537 1361 to be beyond the sea or out of the dominions of the
863 1456 2532 1559 state: or as if a man being in continual apprehension
871 1665 2493 1785 of sustaining at the hand of another some very heavy
1092 1808 1474 1878 whether it be
871 1851 2503 1984 injury [ respecting his person, property, reputation,or
868 2078 2503 2193 matrimonial condition,] should fancy that he had no
872 2292 2557 2388 other means than that in question of securing himself
2245 2392 2394 2461 all
873 2462 2541 2596 against the enterprises of his adversary: In ^ such cases
2074 2590 2448 2661 some sort of
868 2632 2530 2787 the innocence of the intention may form ^ a ground of
890 2806 1597 2875 however, light an one, of
872 2875 1557 2980 excuses extenuation.
1534 3028 2010 3112 article in the list
910 3091 2527 3219 3. As to the Fifth ^ head of Justifications, viz; domestic
877 3296 2574 3385 power, there are three branches of it with respect to which it
881 3465 2553 3590 will be proper to settle whether this right shall be included
879 3665 2573 3768 in them. Shall a Husband in any and what cases and upon
882 3839 2591 3983 any and what terms be allowed to exercise this authority
2405 3927 2572 3964 over
