2731 4096
451 246 1237 391 Of Justifications.
175 492 1884 579 other Officer of Justice in pursuance of his authority, is done
169 655 795 751 with lawful cause.
395 803 1894 957 So, if resistance be made to a Warrant authorizing
172 975 1848 1137 any thing to be done to a man's property, is any thing
177 1099 1928 1251 which being done to any man's person is necessary to over=­
171 1306 1865 1391 ­:come any resistance made (or offered to be made) to any
162 1447 1602 1551 person concerned in executing Such warrant.
391 1622 1824 1732 So, any person whatsoever may apprehend any
174 1801 1888 1889 one who is committing or attempting to commit, or who
181 1941 1875 2057 within a certain time has committed any first or second
183 2091 1905 2211 rate crime : and certain criminals if they cannot other=­
204 2255 1834 2363 ­:wise be apprehended may be killed. See Law of
158 2375 1832 2545 Arrests. Book Of Procedure. Tit [Of Arrests]
423 2566 1875 2677 There are certain cases in which offenders who are
172 2722 1899 2831 guilty of misdemeanours only may be apprehended with=­
168 2852 1890 3015 ­:out warrant. See Law of Arrests. Book of Precedure.
197 2944 760 3040 Tit. Of Arrests
392 3017 1908 3208 There are also certain cases in which goods may be
202 3214 1855 3358 seized or disposed of in a particular manner by any
205 3378 1870 3520 one without warrant; and in which consequently any
203 3524 1903 3671 thing may be done to the persons of any who oppose the
206 3692 1926 3834 seizure, so it be necessary to overcome their opposition.
215 3835 913 3959 See Law of Seizures.
