2731 4096
639 248 2192 418 Of Excuses Extenuations
187 484 1928 625 [(B) Personal damages] If it was his intention to occasion any
226 684 1859 781 other kind of damages, for instanace any damage to a man's
218 830 1931 947 property (as if in <gap/> of of a person given <gap/><gap/> You
1498 945 1718 1018 cloaths
222 986 1916 1096 were to wound a man in trying to cut his clothes cloaths) it is an
219 1130 1926 1247 offence of a different kind which has its proper punishment.
178 1289 1940 1459 [(C) The Party] If the intention of the agent was to do the same
208 1502 1916 1609 or any other kind of damage to another person (as if aiming at
208 1643 1988 1805 one man you were to miss him and shoot another) it is an of=­
215 1789 1891 1924 ­:fence (to wit an attempt) against that other person and as
204 1960 1611 2074 such is provided with its proper punishment.
751 2147 1211 2245 Main Text
1588 2342 1714 2422 (A)
484 2341 1914 2508 Where the author is chargeable with heedlessness he is
207 2486 1916 2657 liable, besides making compensation,to be punished according
452 2610 594 2692 (B)
208 2650 958 2780 to the degree of heedlessness.
884 2828 1216 2946 Exposition
205 2938 1931 3115 [(A) Heedlessness] An Act is termed heedless when the case
1341 3097 2310 3217 if prompted by an ordinary share of
215 3146 1837 3268 is such that a person of ordinary prudence and benevolence
212 3288 1921 3430 would have been likely to have employed (and therefore that
204 3418 1879 3601 the person in question ought to have employed) such and so
940 3557 1272 3632 and reflection
202 3584 1911 3704 much reflection or attention to the material circumstances as
532 3674 1654 3775 prevented effectively disposed him to prevent
188 3687 1920 3858 would have the mischievous incident in question from
185 3858 1927 3997 taking place. . Thus if the damage consists in the bodily pain
1801 3954 1958 4017 you
