2731 4096
2462 57 2585 93 103.
565 246 1341 400 Of Forgery.
215 525 1859 635 judgment formed by him that such facts did or did
228 714 1876 817 not happen so and so, it has the effect of expressing Assent: in
230 903 1888 1013 as far as they purport to be an expression of some act of his
1476 1069 1552 1119 (a)
226 1084 1482 1184 Will, it has the effect of expressing Consent.
301 1302 1847 1402 3. An assertion of an ordinary matter of fact is in effect
222 1489 1891 1587 neither more nor less than the expression of an affirmative judg=足
223 1683 1896 1775 足:ment formed concerning the existence of such matter of fact;
226 1862 1913 1959 for instance that Joseph is the son of Jacob whose discourse
222 2057 1888 2147 the instrument purports to be. Of this nature are the recitals
223 2241 1887 2330 in an ordinary deed. In this case it is an act of belief
232 2328 1558 2421 that is expressed: an act of the understanding.
664 2413 716 2437 is
291 2425 1876 2530 4. To this will be added an expression of volition, if the
228 2599 1917 2699 instrument goes on and says that it is Thomas's will that
1680 2700 1884 2784 John
751 2866 1233 2930 Note
249 2966 304 2999 (a)
395 2991 1958 3104 All the faculties of a man's mind are reducible to two, viz:
243 3096 1919 3171 all the functions in like manner to two, intelliction and volition.
202 3171 1885 3274 the understanding and the will: In consequence whatever it is
224 3327 1936 3427 which a man by the authentication of an instrument can testi=足
232 3502 1931 3627 足:fy himself to have done, must [be <gap/> in all of one
223 3680 1891 3802 kind or the other.] consist in the exercise of one of those
217 3832 765 3928 faculties or the other.
