<?xml version='1.0' encoding='utf-8'?>
<PcGts xmlns="http://schema.primaresearch.org/PAGE/gts/pagecontent/2013-07-15" xmlns:xsi="http://www.w3.org/2001/XMLSchema-instance" xsi:schemaLocation="http://schema.primaresearch.org/PAGE/gts/pagecontent/2013-07-15 http://schema.primaresearch.org/PAGE/gts/pagecontent/2013-07-15/pagecontent.xsd">
  <Metadata>
    <Creator>UPV-PRHLT</Creator>
    <Created>2013-03-08T05:03:58</Created>
    <LastChange>2015-12-14T11:11:37</LastChange>
  </Metadata>
  <Page imageFilename="071_011_002.jpg" imageHeight="4096" imageWidth="2731">
    <TextRegion id="t1">
      <Coords points="1010,250 1829,213 2336,274 2289,372 1024,384 1025,251" />
      <TextLine id="965">
        <Coords points="1825,217 1862,217 1863,218 1870,218 1871,219 1878,219 1938,279 2137,279 2158,300 2236,300 2237,301 2238,301 2238,305 2237,306 2237,307 2235,309 2234,309 2232,311 2232,322 2226,328 2225,328 2224,329 2222,329 2221,330 2218,330 2217,331 2215,331 2214,332 2072,332 2071,333 2032,333 2031,334 1980,334 1979,335 1977,335 1976,336 1975,336 1974,337 1973,337 1972,338 1971,338 1970,339 1895,339 1893,341 1891,341 1890,342 1812,342 1810,344 1740,344 1739,345 1738,345 1737,346 1735,346 1734,347 1727,347 1725,349 1687,349 1685,351 1151,351 1127,375 1121,375 1120,374 1119,374 1096,351 1095,351 1091,347 1091,345 1092,344 1092,342 1094,340 1094,339 1095,338 1095,337 1100,332 1100,331 1102,329 1102,328 1113,317 1113,280 1114,279 1114,276 1115,275 1185,275 1208,252 1209,252 1211,250 1212,250 1213,249 1215,249 1216,248 1218,248 1219,247 1390,247 1391,246 1392,246 1395,243 1396,243 1397,242 1398,242 1399,241 1401,241 1402,240 1574,240 1590,224 1607,224 1608,223 1629,223 1630,222 1651,222 1652,221 1674,221 1675,220 1705,220 1706,219 1768,219 1769,218 1824,218" />
        <TextEquiv>
          <Unicode>Of Excuses Extenuations</Unicode>
        </TextEquiv>
      </TextLine>
    </TextRegion>
    <TextRegion id="t2">
      <Coords points="782,455 2558,467 2563,4025 2120,4012 734,3903 712,489 786,453" />
      <TextLine id="966">
        <Coords points="1608,493 1611,493 1612,494 1612,517 1637,542 1637,544 1636,545 1636,546 1634,548 1633,548 1632,549 1332,549 1312,569 1306,569 1296,559 867,559 865,557 833,557 831,555 812,555 811,554 811,551 815,547 815,546 817,544 817,543 818,542 818,541 841,518 843,518 844,517 972,517 981,508 1169,508 1178,499 1463,499 1464,498 1603,498" />
        <TextEquiv>
          <Unicode>is said to be compelled to.</Unicode>
        </TextEquiv>
      </TextLine>
      <TextLine id="967">
        <Coords points="1332,616 1337,616 1338,617 1339,617 1371,649 1571,649 1623,701 1628,701 1627,702 1627,703 1625,705 1624,705 1623,706 1622,706 1618,710 1617,710 1616,711 1615,711 1613,713 1612,713 1611,714 1608,714 1607,715 1606,715 1605,716 1604,716 1603,717 1602,717 1601,718 1600,718 1599,719 1596,719 1595,720 1510,720 1509,721 1450,721 1449,722 1446,722 1445,723 1423,723 1393,753 1392,753 1386,759 1385,759 1384,760 1383,760 1382,761 1380,761 1379,762 1378,762 1377,763 1373,763 1354,744 1325,744 1306,725 1257,725 1256,724 1255,724 1252,721 1252,718 1251,717 1252,716 1252,713 1253,712 1253,711 1254,710 1254,709 1255,708 1255,707 1256,706 1256,705 1258,703 1258,702 1259,701 1259,700 1260,699 1260,698 1264,694 1264,693 1265,692 1265,691 1271,685 1271,684 1272,683 1272,682 1276,678 1276,677 1277,676 1277,675 1279,673 1279,672 1283,668 1283,667 1287,663 1287,662 1290,659 1290,658 1291,657 1291,654 1292,653 1292,652 1294,650 1294,649 1295,648 1295,647 1299,643 1299,642 1316,625 1317,625 1321,621 1322,621 1323,620 1324,620 1326,618 1330,618" />
        <TextEquiv>
          <Unicode>Exposition.</Unicode>
        </TextEquiv>
      </TextLine>
      <TextLine id="968">
        <Coords points="1951,812 1955,816 2113,816 2135,838 2146,838 2147,839 2148,839 2149,840 2151,840 2152,841 2154,841 2160,847 2162,847 2162,848 2160,850 2156,850 2155,851 2128,851 2127,852 2127,860 2126,861 2126,862 2125,862 2124,863 2123,863 2117,857 2072,857 2068,853 1914,853 1913,852 1912,852 1911,851 1886,851 1879,844 1854,844 1852,842 1852,832 1851,831" />
        <TextEquiv>
          <Unicode>extenuation</Unicode>
        </TextEquiv>
      </TextLine>
      <TextLine id="969">
        <Coords points="805,755 1305,778 1377,836 1380,836 1381,835 1417,835 1418,834 1419,834 1420,833 1422,833 1423,832 1538,832 1553,847 1713,847 1718,852 1781,852 1782,853 1782,860 1786,864 2239,864 2247,856 2248,856 2249,855 2250,855 2512,861 2510,920 2304,911 2272,943 2270,943 2269,944 2265,944 2263,942 1792,942 1769,919 1462,919 1446,903 798,930" />
        <TextEquiv>
          <Unicode>[(A) Mischief] The force of the excuse will be greater</Unicode>
        </TextEquiv>
      </TextLine>
      <TextLine id="970">
        <Coords points="1049,990 1051,990 1051,992 1052,993 1052,994 1053,995 1053,1004 1054,1005 2489,1005 2490,1006 2492,1006 2493,1007 2494,1007 2495,1008 2495,1009 2497,1011 2497,1012 2499,1014 2499,1015 2500,1016 2500,1023 2501,1024 2501,1027 2502,1028 2502,1031 2501,1032 2501,1033 2500,1034 2500,1037 2499,1038 2499,1040 2498,1041 2498,1042 2497,1043 2497,1045 2496,1046 2496,1047 2494,1049 2494,1051 2493,1052 2493,1053 2492,1054 2492,1055 2490,1057 2490,1058 2488,1060 2488,1061 2485,1064 2485,1065 2484,1066 2484,1067 2482,1069 2482,1070 2477,1075 2477,1076 2466,1087 2326,1087 2321,1092 2158,1092 2154,1096 2153,1096 2150,1099 2149,1099 2148,1100 2147,1100 2146,1101 2143,1101 2142,1102 1092,1102 1091,1103 1090,1103 1068,1081 898,1081 897,1080 896,1080 861,1045 823,1045 821,1043 799,1043 797,1041 797,1039 801,1035 801,1034 807,1028 808,1028 810,1026 811,1026 812,1025 889,1025 917,997 918,997 920,995 921,995 922,994 965,994 966,993 967,993 968,992 969,992 970,991 1048,991" />
        <TextEquiv>
          <Unicode>or less (in other words it will be more or less compleat)</Unicode>
        </TextEquiv>
      </TextLine>
      <TextLine id="971">
        <Coords points="981,1153 984,1153 986,1155 1126,1155 1133,1162 2232,1162 2238,1168 2370,1168 2376,1174 2400,1174 2418,1192 2509,1192 2509,1193 2510,1194 2509,1195 2509,1196 2506,1199 2505,1199 2504,1200 2502,1200 2497,1205 2497,1206 2495,1208 2495,1209 2489,1215 2488,1215 2487,1216 2485,1216 2484,1217 2379,1217 2363,1233 2361,1233 2360,1234 2324,1234 2323,1235 2063,1235 2050,1248 2046,1248 2038,1240 996,1240 962,1206 874,1206 872,1204 833,1204 832,1203 812,1203 811,1202 810,1202 809,1201 796,1201 796,1199 797,1198 797,1197 802,1192 802,1191 804,1189 805,1189 806,1188 807,1188 808,1187 809,1187 811,1185 885,1185 905,1165 906,1165 907,1164 908,1164 910,1162 911,1162 912,1161 913,1161 915,1159 916,1159 917,1158 920,1158 921,1157 977,1157" />
        <TextEquiv>
          <Unicode>according to the magnitude of the mischief which appears</Unicode>
        </TextEquiv>
      </TextLine>
      <TextLine id="972">
        <Coords points="1354,1272 1498,1252 1591,1264 1592,1292 1549,1292 1550,1293 1550,1298 1548,1300 1548,1301 1546,1303 1545,1303 1544,1304 1527,1304 1526,1305 1474,1305 1473,1306 1472,1306 1471,1307 1384,1307 1345,1346 1344,1345 1344,1319 1331,1306 1332,1305 1332,1304 1346,1290 1346,1289 1348,1287 1348,1286 1349,1285 1349,1284 1350,1283 1350,1274 1351,1274 1352,1273 1353,1273" />
        <TextEquiv>
          <Unicode>Now into</Unicode>
        </TextEquiv>
      </TextLine>
      <TextLine id="973">
        <Coords points="842,1319 850,1327 871,1327 876,1322 877,1322 878,1321 938,1321 940,1319 945,1319 945,1320 946,1321 946,1325 947,1326 1038,1326 1050,1338 1261,1338 1262,1339 1263,1339 1264,1340 1267,1340 1269,1342 1269,1343 1271,1345 1271,1346 1272,1347 1397,1347 1398,1346 1399,1346 1400,1345 1456,1345 1465,1336 1798,1336 1799,1335 1800,1335 1801,1334 1802,1334 1808,1340 2475,1340 2476,1341 2497,1341 2498,1342 2498,1353 2511,1366 2512,1366 2512,1368 2511,1369 2511,1371 2510,1372 2510,1376 2509,1377 2509,1378 2508,1379 2508,1381 2505,1384 2504,1384 2502,1386 2501,1386 2500,1387 2452,1387 2451,1388 2413,1388 2412,1389 2411,1389 2410,1390 2408,1390 2407,1391 1902,1391 1873,1420 1872,1420 1871,1421 1291,1421 1290,1422 1286,1422 1253,1389 915,1389 896,1370 801,1370 795,1364 833,1326 833,1325 837,1321 838,1321 839,1320 841,1320" />
        <TextEquiv>
          <Unicode>likely to ensue. Into the account of magnitude is to be taken its</Unicode>
        </TextEquiv>
      </TextLine>
      <TextLine id="974">
        <Coords points="808,1415 812,1415 823,1426 1036,1426 1040,1430 1153,1430 1154,1431 1400,1431 1401,1432 1402,1432 1405,1435 2501,1435 2502,1436 2502,1453 2555,1455 2548,1468 2548,1477 2558,1482 2517,1500 2513,1500 2511,1502 2511,1503 2508,1506 2508,1507 2507,1507 2506,1508 2506,1514 2505,1515 2505,1519 2503,1521 2499,1521 2496,1518 2117,1518 2115,1516 2059,1516 2045,1502 1881,1502 1879,1500 1013,1500 1012,1499 1011,1499 998,1486 778,1486 777,1485 777,1484 778,1483 778,1482 779,1481 779,1480 780,1479 780,1477 782,1475 782,1474 784,1472 784,1468 789,1463 789,1458 791,1456 791,1455 792,1454 792,1453 793,1452 793,1449 794,1448 794,1447 795,1446 795,1445 796,1444 796,1443 798,1441 798,1439 799,1438 799,1436 800,1435 800,1431 801,1430 801,1429 802,1428 802,1427 803,1426 803,1424 804,1423 804,1422 806,1420 806,1419 807,1418 807,1416" />
        <TextEquiv>
          <Unicode>proximity or remoteness, as likewise the probability or improbability</Unicode>
        </TextEquiv>
      </TextLine>
      <TextLine id="975">
        <Coords points="1313,1597 1315,1597 1316,1598 1316,1599 1318,1601 1318,1604 1319,1605 1406,1605 1411,1610 1420,1610 1421,1611 1736,1611 1745,1620 1752,1620 1753,1621 1754,1621 1755,1622 1759,1622 1760,1623 1761,1623 1761,1628 1762,1629 1762,1630 1763,1631 1763,1635 1774,1646 1774,1648 1773,1649 1773,1650 1772,1650 1770,1652 1565,1652 1564,1653 1313,1653 1308,1658 1308,1667 1305,1670 1303,1670 1301,1672 1300,1672 1296,1668 1171,1668 1150,1689 1149,1689 1147,1691 1146,1691 1143,1688 1140,1688 1135,1683 1129,1683 1128,1682 1126,1682 1125,1681 1124,1681 1123,1680 1121,1680 1120,1679 1119,1679 1109,1669 819,1669 818,1668 818,1649 812,1643 812,1641 815,1638 815,1637 816,1636 816,1635 817,1634 818,1634 819,1633 820,1633 821,1632 822,1632 823,1631 827,1631 855,1603 856,1603 857,1602 858,1602 859,1601 1305,1601 1308,1598 1312,1598" />
        <TextEquiv>
          <Unicode>of its ensuing. See the next Note.</Unicode>
        </TextEquiv>
      </TextLine>
      <TextLine id="976">
        <Coords points="1442,1665 1443,1666 2468,1666 2509,1707 2520,1707 2521,1708 2521,1709 2522,1710 2522,1711 2523,1712 2523,1715 2524,1716 2524,1724 2521,1727 2521,1728 2520,1729 2501,1729 2500,1730 2500,1735 2499,1736 2425,1736 2405,1756 1770,1756 1767,1759 1766,1759 1763,1762 1762,1762 1760,1764 1756,1764 1754,1766 1752,1766 1751,1767 1750,1766 1748,1766 1731,1749 1288,1749 1284,1745 797,1745 797,1729 787,1719 787,1714 789,1714 790,1713 790,1712 794,1708 794,1701 795,1701 796,1700 823,1700 846,1677 1068,1677 1071,1674 1072,1674 1075,1671 1078,1671 1098,1691 1138,1691 1139,1692 1155,1672 1220,1670 1222,1670 1223,1669 1225,1669 1227,1671 1278,1671 1279,1672 1280,1672 1281,1673 1326,1673 1327,1672 1432,1672 1438,1666 1441,1666" />
        <TextEquiv>
          <Unicode>&lt;gap/&gt; probability of the mischief that determines the force</Unicode>
        </TextEquiv>
      </TextLine>
      <TextLine id="977">
        <Coords points="1387,1897 2484,1902 2501,1958 2497,1977 2432,1965 2362,1960 2318,1961 2224,1961 2092,1971 2091,1971 1952,1987 1927,1968 1831,1978 1808,1981 1792,1972 1631,1965 1568,1968 1545,1970 1490,1960 1448,1962 1357,1962 1352,1907" />
        <TextEquiv>
          <Unicode>That is to the party whose conduct is</Unicode>
        </TextEquiv>
      </TextLine>
      <TextLine id="978">
        <Coords points="1331,1958 1318,1991 1335,2000 1362,1987 1391,1987 1395,1991 1398,2014 1417,2011 1458,2000 1475,2008 1484,2018 1518,2004 1591,2004 1627,1995 1751,1977 1755,1977 1822,1987 2068,1981 2160,1981 2191,1994 2192,1994 2281,1995 2412,1990 2452,1997 2454,1981 2440,1962 2378,1957 2310,1961 2262,1961 2217,1958 2167,1958 2135,1967 2131,1967 1955,1987 1952,1988 1917,1965 1818,1977 1771,1977 1700,1965 1697,1965 1631,1968 1554,1968 1520,1962 1461,1962 1394,1957" />
        <TextEquiv>
          <Unicode>in question. to him the</Unicode>
        </TextEquiv>
      </TextLine>
      <TextLine id="979">
        <Coords points="858,1947 851,1934 822,1934 770,2048 770,2060 768,2064 778,2108 780,2108 831,2105 841,2101 952,2090 962,2090 1174,2105 1215,2110 1230,2097 1257,2091 1311,2094 1347,2072 1390,2060 1421,2077 1902,2071 1984,2070 2040,2085 2048,2084 2147,2048 2237,2080 2348,2072 2357,2071 2401,2048 2407,2048 2501,2031 2504,2030 2497,1987 2457,1982 2388,1991 2385,1991 2300,1985 2172,1985 2140,1970 2060,1984 1980,1984 1972,1987 1904,1987 1861,1985 1857,1985 1815,1978 1804,1978 1761,1972 1702,1972 1582,2004 1580,2004 1528,2005 1522,2005 1485,2007 1447,2004 1397,2007 1388,1975 1397,1962 1384,1957 1334,1995 1322,1975 1314,1934 1267,1931 1261,1931 1177,1927 937,1927" />
        <TextEquiv>
          <Unicode>[(B) Appears] According as the mischief seems greater</Unicode>
        </TextEquiv>
      </TextLine>
      <TextLine id="980">
        <Coords points="911,2122 957,2110 1020,2122 1025,2155 984,2158 978,2160 907,2160 904,2128" />
        <TextEquiv>
          <Unicode>the</Unicode>
        </TextEquiv>
      </TextLine>
      <TextLine id="981">
        <Coords points="876,2156 1250,2156 1253,2159 1516,2159 1523,2166 1604,2166 1607,2169 1836,2169 1837,2170 1921,2170 1923,2172 2239,2172 2242,2175 2391,2175 2421,2205 2443,2205 2445,2207 2470,2207 2471,2208 2491,2208 2495,2212 2508,2212 2508,2216 2511,2219 2512,2219 2511,2220 2510,2220 2509,2221 2508,2221 2507,2222 2488,2222 2487,2223 2461,2223 2460,2224 2153,2224 2139,2238 1556,2238 1554,2240 920,2240 918,2242 915,2242 913,2244 888,2244 885,2247 884,2247 882,2249 881,2249 880,2250 877,2250 836,2209 825,2209 824,2208 802,2208 801,2207 800,2207 799,2206 787,2206 786,2205 786,2204 793,2197 794,2197 797,2194 798,2194 800,2192 801,2192 802,2191 803,2191 804,2190 833,2190 861,2162 862,2162 864,2160 866,2160 867,2159 868,2159 869,2158 872,2158 873,2157 875,2157" />
        <TextEquiv>
          <Unicode>and more probable to the party said to be compelled, the com=­</Unicode>
        </TextEquiv>
      </TextLine>
      <TextLine id="982">
        <Coords points="2071,2286 2074,2286 2084,2296 2210,2296 2227,2313 2240,2313 2241,2314 2273,2314 2273,2321 2275,2323 2276,2323 2275,2324 2272,2324 2270,2326 2236,2326 2227,2335 2227,2344 2226,2345 2226,2347 2225,2348 2225,2349 2223,2351 2223,2352 2222,2353 2221,2353 2199,2331 1968,2327 1969,2326 1969,2318 1970,2317 1970,2316 1972,2314 1972,2313 1974,2311 1974,2310 1975,2309 1976,2309 1978,2307 1979,2307 1980,2306 1982,2306 1983,2305 2049,2305 2058,2296 2059,2296 2064,2291 2065,2291 2069,2287 2070,2287" />
        <TextEquiv>
          <Unicode>extenuation</Unicode>
        </TextEquiv>
      </TextLine>
      <TextLine id="983">
        <Coords points="827,2320 830,2320 831,2321 1152,2321 1167,2336 1420,2311 1638,2310 1647,2307 1657,2308 1682,2310 1762,2333 1763,2332 1785,2332 1786,2333 1900,2333 1900,2342 1908,2350 2215,2340 2218,2354 2229,2354 2234,2349 2244,2341 2238,2346 2239,2346 2243,2342 2246,2342 2249,2345 2477,2345 2478,2346 2480,2346 2481,2347 2482,2347 2486,2351 2486,2353 2488,2355 2488,2356 2489,2357 2489,2366 2487,2368 2487,2369 2485,2371 2484,2371 2483,2372 2480,2372 2479,2373 2474,2373 2473,2374 2413,2374 2412,2375 2411,2375 2410,2376 2409,2376 2408,2377 2405,2377 2404,2378 2314,2378 2313,2379 2300,2379 2299,2380 2264,2380 2263,2381 2241,2381 2240,2382 2149,2382 2148,2383 2146,2383 2143,2386 2142,2386 2141,2387 2140,2387 2138,2389 2136,2389 2134,2391 2121,2391 2120,2392 1969,2392 1945,2416 1923,2416 1912,2427 1909,2427 1866,2384 789,2384 789,2381 790,2380 790,2341 791,2340 792,2340 793,2339 808,2339" />
        <TextEquiv>
          <Unicode>­:pulsion is the more irresistible and the excuse the more</Unicode>
        </TextEquiv>
      </TextLine>
      <TextLine id="984">
        <Coords points="2108,2442 2113,2442 2152,2481 2158,2481 2159,2482 2046,2488 2042,2492 2040,2492 2039,2491 2039,2488 2040,2487 2040,2485 2042,2483 2042,2482 2046,2478 2046,2477 2050,2473 2051,2473 2062,2462 2063,2462 2065,2460 2066,2460 2067,2459 2068,2459 2069,2458 2087,2458 2090,2455 2091,2455 2101,2445 2104,2445 2106,2443 2107,2443" />
        <TextEquiv>
          <Unicode>then</Unicode>
        </TextEquiv>
      </TextLine>
      <TextLine id="985">
        <Coords points="839,2437 841,2437 860,2456 1120,2456 1121,2457 1122,2457 1136,2471 1302,2471 1303,2472 1318,2472 1319,2473 1320,2473 1320,2477 1321,2478 1459,2478 1460,2479 1500,2479 1507,2486 1661,2486 1662,2487 1663,2487 1670,2494 1956,2494 1960,2498 2269,2498 2274,2503 2390,2503 2394,2507 2424,2507 2453,2536 2463,2536 2464,2537 2464,2538 2465,2539 2486,2539 2488,2541 2488,2542 2489,2543 2489,2547 2488,2547 2487,2548 2446,2548 2444,2550 2411,2550 2410,2551 2409,2551 2408,2552 2393,2552 2391,2554 2391,2555 2388,2558 2388,2559 2386,2561 2386,2562 2385,2563 2385,2564 2384,2565 2384,2566 2383,2566 2382,2567 2381,2567 2380,2568 2380,2570 2379,2571 2379,2572 2374,2577 2373,2577 2372,2578 2066,2578 2051,2593 2021,2593 2016,2598 2015,2598 2014,2599 2013,2598 2012,2598 1997,2583 1778,2583 1740,2545 1402,2545 1401,2544 785,2544 785,2533 787,2531 768,2490 761,2468 797,2442 827,2451 827,2450 829,2448 829,2447 831,2445 831,2444 836,2439 837,2439" />
        <TextEquiv>
          <Unicode>forcible. It is the apparent magnitude and the appa=­</Unicode>
        </TextEquiv>
      </TextLine>
      <TextLine id="986">
        <Coords points="998,2625 1000,2625 1005,2630 1160,2630 1162,2632 1208,2632 1210,2634 1458,2634 1459,2635 1460,2635 1461,2636 1461,2642 1469,2650 1804,2650 1805,2651 1891,2651 1897,2657 2407,2657 2461,2658 2449,2682 2449,2685 2451,2687 2451,2690 2450,2691 2450,2693 2449,2694 2449,2696 2448,2697 2448,2699 2447,2700 2447,2701 2446,2702 2445,2702 2444,2703 2443,2703 2441,2705 2440,2705 2439,2706 2419,2706 2418,2707 2418,2709 2416,2709 2415,2710 2209,2710 2208,2711 2205,2711 2202,2708 2181,2708 2179,2706 2160,2706 2159,2705 1914,2705 1910,2701 1895,2701 1893,2699 1882,2699 1881,2698 1870,2698 1869,2697 1834,2697 1830,2693 1741,2751 1574,2701 1315,2709 1307,2701 1257,2717 1230,2712 960,2691 943,2674 897,2674 890,2667 842,2667 839,2664 826,2664 821,2659 815,2659 815,2656 813,2654 795,2654 794,2653 794,2652 793,2651 793,2650 794,2649 794,2648 797,2645 797,2634 799,2632 914,2632 919,2627 996,2627" />
        <TextEquiv>
          <Unicode>­:rent probability of the mischief that determine the</Unicode>
        </TextEquiv>
      </TextLine>
      <TextLine id="987">
        <Coords points="1497,2738 1496,2739 1496,2769 1495,2770 1492,2770 1491,2771 1439,2771 1438,2772 1436,2772 1435,2773 1411,2773 1410,2774 1409,2774 1408,2775 1302,2775 1301,2776 1206,2776 1202,2780 1200,2780 1190,2770 1176,2770 1173,2767 1173,2766 1174,2765 1174,2764 1175,2763 1175,2760 1178,2757 1178,2756 1179,2756 1180,2755 1181,2755 1184,2752 1186,2752 1211,2735 1220,2728 1227,2732 1264,2722" />
        <TextEquiv>
          <Unicode>extenuation.</Unicode>
        </TextEquiv>
      </TextLine>
      <TextLine id="988">
        <Coords points="844,2762 849,2762 869,2782 1498,2782 1511,2795 1680,2795 1700,2815 1890,2815 1899,2824 2268,2824 2269,2825 2270,2825 2271,2826 2314,2826 2315,2827 2316,2827 2322,2833 2377,2833 2398,2854 2409,2854 2410,2855 2483,2855 2484,2856 2488,2856 2494,2862 2499,2862 2500,2863 2501,2863 2502,2864 2503,2864 2503,2865 2504,2866 2504,2869 2503,2870 2503,2871 2501,2873 2480,2873 2479,2874 2398,2874 2397,2875 2391,2875 2390,2876 2383,2876 2382,2877 2202,2877 2182,2897 2181,2897 2178,2900 2177,2900 2176,2901 2175,2901 2174,2902 2173,2902 2170,2905 2169,2905 2168,2906 2165,2906 2149,2890 1607,2890 1606,2889 1605,2889 1592,2876 957,2876 935,2854 790,2854 790,2851 794,2847 794,2846 798,2842 798,2841 799,2840 799,2839 800,2838 800,2836 801,2835 801,2824 807,2818 807,2798 808,2797 808,2796 840,2764 841,2764 842,2763 843,2763" />
        <TextEquiv>
          <Unicode>force of the excuse. But this apparent magnitude or</Unicode>
        </TextEquiv>
      </TextLine>
      <TextLine id="989">
        <Coords points="1407,2903 1409,2903 1410,2904 1410,2909 1411,2910 1495,2910 1499,2914 1630,2902 1728,2914 1728,2920 1734,2926 1734,2927 1735,2928 1735,2929 1736,2930 1736,2932 1737,2933 1737,2935 1738,2936 1737,2937 1737,2938 1736,2939 1710,2939 1709,2940 1709,2949 1689,2949 1688,2948 1505,2948 1503,2946 1454,2946 1453,2945 1379,2945 1377,2943 1377,2941 1378,2940 1378,2939 1379,2938 1379,2937 1381,2935 1381,2934 1382,2933 1382,2932 1383,2931 1383,2930 1388,2925 1388,2924 1390,2922 1390,2921 1392,2919 1392,2918 1393,2917 1393,2916 1405,2904 1406,2904" />
        <TextEquiv>
          <Unicode>be determined</Unicode>
        </TextEquiv>
      </TextLine>
      <TextLine id="990">
        <Coords points="831,2942 834,2942 839,2947 920,2947 923,2950 981,2950 983,2952 1084,2952 1100,2968 1579,2968 1582,2971 1727,2971 1729,2973 1729,2975 1730,2976 1837,2976 1838,2977 1859,2977 1860,2978 1860,2986 1869,2995 2129,2995 2130,2996 2131,2996 2134,2999 2197,2999 2198,3000 2337,3000 2339,3002 2463,3002 2467,3006 2523,3006 2523,3013 2522,3014 2521,3014 2520,3015 2520,3016 2518,3018 2518,3019 2513,3024 2513,3025 2512,3026 2512,3027 2510,3029 2510,3034 2509,3035 2508,3035 2506,3037 2505,3037 2503,3039 2503,3040 2501,3042 2501,3043 2499,3045 2499,3046 2498,3047 2498,3048 2497,3049 2497,3050 2496,3051 2496,3052 2495,3053 2495,3054 2494,3055 2359,3055 2334,3080 2330,3080 2329,3081 2328,3081 2327,3080 2326,3080 2298,3052 2248,3087 2234,3050 2156,3050 2154,3048 1496,3048 1495,3047 1456,3047 1450,3041 1047,3041 1020,3014 789,3014 789,3008 790,3007 790,3006 791,3005 791,3002 795,2998 795,2997 799,2993 799,2991 800,2990 800,2989 802,2987 802,2986 803,2985 803,2984 809,2978 809,2977 810,2976 810,2974 812,2972 812,2971 813,2970 813,2968 814,2967 814,2965 817,2962 817,2961 821,2957 821,2956 822,2955 822,2954 826,2950 826,2949 827,2948 827,2947 830,2944 830,2943" />
        <TextEquiv>
          <Unicode>probability can scarcely but by the real; that is, by what</Unicode>
        </TextEquiv>
      </TextLine>
      <TextLine id="991">
        <Coords points="1600,3058 1602,3058 1604,3060 1880,3057 1871,3075 1871,3100 1869,3102 1869,3103 1868,3104 1867,3104 1852,3119 1851,3119 1849,3121 1847,3121 1842,3126 1837,3126 1836,3125 1836,3119 1835,3118 1494,3116 1495,3115 1495,3093 1496,3092 1496,3091 1499,3088 1499,3086 1512,3073 1512,3064 1513,3063 1514,3063 1516,3061 1597,3061" />
        <TextEquiv>
          <Unicode>in the eyes of</Unicode>
        </TextEquiv>
      </TextLine>
      <TextLine id="992">
        <Coords points="865,3112 866,3113 910,3113 932,3135 1055,3134 1062,3128 1090,3098 1268,3102 1455,3125 1458,3128 1531,3128 1539,3136 1790,3136 1791,3137 1889,3137 1890,3138 1903,3138 1915,3150 2106,3150 2107,3151 2333,3151 2334,3152 2335,3152 2340,3157 2443,3157 2472,3186 2476,3186 2477,3187 2479,3187 2480,3188 2493,3188 2494,3189 2502,3189 2509,3196 2517,3196 2517,3198 2516,3198 2515,3199 2509,3199 2508,3200 2500,3200 2499,3201 2470,3201 2469,3202 2414,3202 2413,3203 2065,3203 2054,3214 2053,3214 2052,3215 1920,3215 1919,3216 1918,3216 1917,3215 1892,3215 1891,3214 1465,3214 1445,3194 819,3194 819,3172 798,3151 798,3148 802,3144 802,3143 804,3141 805,3141 806,3140 807,3140 808,3139 817,3139 820,3136 821,3136 822,3135 840,3135 862,3113 864,3113" />
        <TextEquiv>
          <Unicode>appears to be the real to any indifferent person to whom</Unicode>
        </TextEquiv>
      </TextLine>
      <TextLine id="993">
        <Coords points="914,3267 917,3267 921,3271 1454,3271 1457,3274 1541,3274 1542,3275 1665,3275 1668,3278 1671,3278 1673,3280 1673,3281 1674,3282 1822,3282 1833,3293 2194,3293 2195,3294 2196,3294 2197,3295 2199,3295 2201,3297 2202,3297 2203,3298 2204,3298 2210,3304 2211,3304 2212,3305 2213,3305 2217,3309 2393,3309 2416,3332 2548,3332 2549,3333 2551,3333 2556,3338 2556,3339 2557,3340 2557,3341 2560,3344 2560,3349 2559,3350 2559,3352 2557,3354 2555,3354 2554,3355 2553,3355 2552,3356 2542,3356 2541,3357 2374,3357 2341,3390 2340,3390 2336,3394 2335,3394 2334,3395 2326,3395 2325,3394 2322,3394 2295,3367 2005,3367 2002,3364 1161,3364 1159,3362 1159,3359 1153,3353 1008,3353 972,3317 958,3317 956,3315 824,3315 822,3313 801,3313 800,3312 800,3310 798,3308 799,3307 799,3306 817,3288 817,3273 818,3272 819,3272 820,3271 844,3271 845,3270 911,3270" />
        <TextEquiv>
          <Unicode>it belongs to judge of it: and who is supposed, as of course,</Unicode>
        </TextEquiv>
      </TextLine>
      <TextLine id="994">
        <Coords points="827,3419 830,3419 833,3422 1121,3422 1122,3423 1123,3423 1125,3425 1540,3425 1547,3432 1675,3432 1685,3442 1906,3442 1924,3460 2228,3460 2235,3467 2241,3467 2251,3477 2462,3477 2463,3478 2466,3478 2467,3479 2470,3479 2471,3480 2472,3480 2473,3481 2473,3482 2475,3484 2475,3485 2476,3486 2476,3488 2477,3489 2477,3493 2487,3503 2487,3504 2488,3505 2488,3507 2487,3508 2487,3509 2485,3511 2484,3511 2483,3512 2481,3512 2480,3513 2139,3513 2116,3536 2115,3536 2110,3541 2108,3541 2076,3524 864,3524 818,3478 794,3478 793,3477 793,3467 791,3465 791,3463 792,3463 807,3448 807,3442 809,3440 809,3439 819,3429 819,3428 822,3425 822,3424" />
        <TextEquiv>
          <Unicode>to be apprised of all the circumstances of the case.</Unicode>
        </TextEquiv>
      </TextLine>
      <TextLine id="995">
        <Coords points="1761,3574 2025,3595 2014,3638 1942,3642 1940,3642 1762,3650 1758,3650 1727,3624 1738,3594" />
        <TextEquiv>
          <Unicode>extenuation</Unicode>
        </TextEquiv>
      </TextLine>
      <TextLine id="996">
        <Coords points="774,3560 1164,3572 1201,3624 1204,3625 1457,3602 1708,3625 1754,3655 2014,3654 2490,3665 2510,3722 2477,3748 2255,3762 2252,3762 2088,3751 2078,3751 1691,3755 1262,3731 1250,3731 1167,3735 1165,3735 774,3770 761,3770 725,3768 730,3591 731,3590 732,3590" />
        <TextEquiv>
          <Unicode>[(C) Likely] 1. The force of this excuse will also be greater or</Unicode>
        </TextEquiv>
      </TextLine>
      <TextLine id="997">
        <Coords points="804,3788 780,3847 780,3848 795,3867 798,3868 1200,3908 1760,3894 2351,3907 2521,3904 2527,3827 2490,3781 2488,3781 2184,3792 2171,3792 2154,3791 1798,3767 1785,3767 1777,3765 1612,3751 1598,3751 1312,3764 1298,3764 1054,3767 1048,3767 911,3778 908,3778 845,3771 822,3771" />
        <TextEquiv>
          <Unicode>less according to the degree of likelyhood or probability there ap=­</Unicode>
        </TextEquiv>
      </TextLine>
      <TextLine id="998">
        <Coords points="2272,3924 2474,3921 2462,3995 2335,4002 2291,4027 2248,4012 2255,3958" />
        <TextEquiv>
          <Unicode>­: pears</Unicode>
        </TextEquiv>
      </TextLine>
    </TextRegion>
  </Page>
</PcGts>