2731 4096
941 259 2335 399 Of Semi-public Offences in General
994 500 2481 593 To articles of such importance to the public, whether in the way
796 661 2507 758 of ornament or use it may be proper to give an extraordinary degree
797 787 2502 916 of protection. This protection will of course be adapted to the nature of
800 928 2521 1068 each article or at least each class of articles, and to the particular kind
802 1108 2461 1230 of damage to which it stands exposed. But these are evidently
1712 1198 2570 1282 would therefore be incongru­
803 1256 2534 1393 local topics: to discuss them fully is therefore incompatible with the
801 1414 1264 1469 ­ous to the present
1290 1450 1541 1512 purpose.
804 1466 1205 1542 present design.
1728 1537 2520 1614 through calamity, that is offences
660 1567 2522 1674 From p. 1 No 1 Under the head of Offences ^ tending to expose the Neighbourhood
802 1710 2530 1824 to calamities, must be included a large tribe of Offences for which no dis=
805 1838 2531 1963 :tinctive names have as yet been, nor, considering the intractibility of
807 1982 2492 2134 language, are likely to be, provided. The description of them when
817 2130 2538 2280 given at full length may stand as follows: Offences which consist
812 2270 2500 2408 in the violation of those laws which are made in the view of securing
810 2426 2528 2560 the inhabitants of a Neighbourhood against the several physical
815 2562 2528 2715 calamities to which they are, or might otherwise have been exposed.
808 2731 2540 2861 Of these calamities it is the distinctive character to be unintentional
826 2890 2542 3020 on the part of the Offender from whose conduct they are apprehended;
1610 3037 1702 3085 so,
818 3028 2565 3192 if not absolutely and compleatly ^ at least with regard to those higher
1090 3184 1412 3268 destructiveness
824 3192 2527 3337 degrees of malignity to which it is possible though not common for
822 3367 2530 3500 them to use: For if they were compleatly intentional it would no
838 3515 2520 3661 longer be a case of physical calamity, but of criminality. It is a
825 3687 2522 3825 faint chance perhaps that the conduct of any one offender would
812 3824 2532 3977 produce of giving birth to the calamity; so faint that an ordinary
2264 3918 2561 3991 Individual
