2731 4096
76 50 245 150 6106
447 243 1867 402 Definition Of Forgery.
818 501 2407 607 Seals, public Stamps, paper marks, naval flags and so forth.
910 750 2489 823 3. It matters not whether the characters on the instrument
797 936 2519 1054 were successively traced; as in writing, drawing, painting, stain=足
788 1149 2477 1254 足:ing and embroidery; or impressed at once; as in letter press
790 1360 2380 1454 and copper-plate prints, and casts from moulds.
921 1617 2482 1713 4. It matters not whether the instrument be such a
794 1804 2500 1921 one as purports to be an original or whether it be a ma=足
792 1997 2490 2122 足:trix or any part of a matrix from whence originals may
793 2196 2498 2319 be made: for instance a seal, a mould, an engraved plate,
791 2410 1088 2499 a Stamp.
849 2634 2499 2745 5. It matters not whether the spurious instrument that
2304 2841 2460 2908 (AA)
798 2843 2494 2967 is made be such an one as purports to be an Original, or
1552 3019 2528 3110 ordinary (BB) fac-simile (CC) (DD)
775 3049 2509 3199 such an one as purports to be an copy, extract, translation,
1026 3200 1889 3295 (EE) (FF) even
784 3249 2503 3372 paraphrase or abridgment; nor in the latter case whether
799 3456 2100 3564 there ever existed a genuine Original or no.
820 3668 2504 3795 [AA Original] An Original Instrument is the very one which
1463 3806 2080 3906 fashioned or adopted
767 3881 2494 3956 purports to have been made [or authenticated] or executed, [or
2197 3945 2493 4002 graphically
