2731 4096
911 227 2102 376 Frauds relative to the Coin.
822 526 2520 627 presumptions may, singly or collectively, be received as conclu=
826 722 1171 821 :sive proof.
864 883 2516 987 1. If a large quantity of altered or counterfeit Coin be found
812 1082 1326 1183 in his possession.
2182 1226 2371 1314 alter'd.
858 1260 2449 1376 2. Especially if it appear to be newly coined or defaced. ||
844 1464 2499 1578 3. Or if it be kept by itself unmixed with genuine and
1073 1598 1141 1666 #
823 1633 1253 1712 unaltered Coin.
858 1821 2183 1932 4. Or if it appear to be studiously concealed.
850 2008 2539 2125 5. If any instrument particularly adapted to the purpose
824 2196 1957 2312 of Coining be found in his possession.
854 2420 2515 2573 6. If any clippings or filings of metal of the same spe=
819 2628 2535 2761 :cies and fineness as any of which genuine Coin is made
817 2807 1621 2923 be found in his possession.
1619 2999 2033 3091 Co-offenders
828 2980 2316 3183 [(B) Concerned] See Tit. [Associates in delinquency]
823 3221 2537 3365 [(C) Diminishing] It matters not by what means the dimi=
807 3439 2516 3558 :nution is effected; whether chymically for instance by dis=
819 3618 2549 3727 :solving the surface by any fluid menstruum or mechani=
826 3801 2444 3926 :cally by filing or clipping of parts of the substance.
2239 3894 2600 3991 [Counterfeiting]
