2731 4096
529 218 1433 387 Of Polygamy.
221 524 1919 601 contrivance between the Man and Woman to deceive the World
206 710 1932 820 and reap the profit of Adultery without being subject to the
195 893 1458 993 punishment or the disgrace of that Offence.
232 1040 749 1120 From p. 1. No 1
204 1093 1946 1264 Criminal Polygamy is where a person engages
218 1272 1858 1371 in a marriage during the continuance of a former
234 1382 1881 1517 marriage which renders the latter void: knowing of
204 1501 664 1589 the continuance of
235 1550 946 1648 such former marriage.
261 1701 1917 1838 Culpable Polygamy is where a person engages in
239 1891 384 1943 marri
246 2058 1888 2146 It is criminal, where the person in quere he knows
237 2222 1922 2306 of the continuance of such former marriage: culpable
237 2367 1314 2441 where he has reason to suspect it.
