2731 4096
662 237 1319 342 upon the Coinage
287 246 1378 389 Frauds relative to the Coin.
541 496 1132 605 Forgery upon the
399 553 1573 667 A defraudment by bad coin is where
1439 587 1898 698 (A) (B)
503 621 1882 789 If any one, with a fraudulent intent, is concerned
403 776 1601 878 (C) (D) (E)
182 849 1887 975 in diminishing or counterfeiting the genuine Coin of this or any
1221 994 1851 1083 (F) so
173 1014 1873 1166 foreign state; or in uttering, in confederacy with a person thus
187 1245 1869 1354 concerned, any diminished or counterfeit Coin, knowing it
185 1447 1523 1548 so to be. his punishment shall be as follows
235 1567 792 1660 From p. 7. No 1
1071 1614 1503 1698 Punishment
430 1633 1487 1735 Indelible stigma: This at all events.
285 1681 1887 1809 1. He shall be indelibly stigmatized; and with this condition he
183 1890 1508 2024 shall do public Penance. See Tit [Punishments]
1231 1991 1344 2041 also
267 1998 1729 2117 2. Characteristic penance. This ^ at all events
383 2087 781 2172 Confinement
259 2131 1840 2293 3. He shall be confined to Hard-labour for [five] Years.
531 2193 621 2233 also
397 2209 968 2301 This ^ at all events.
565 2255 697 2335 (A)
1281 2294 1375 2339 also
366 2277 741 2398 Forfeiture of the
1174 2304 1656 2407 This ^ at all events.
797 2313 908 2402 (B)
244 2333 1858 2490 4. ^ The instruments of the crime. shall be forfeited to the State.
1585 2486 1694 2535 also
410 2487 1968 2621 Rendering the knave's account. This ^ at all events.
245 2556 1902 2705 5. He shall be made to account for his whole fortune. See Tit.
345 2685 741 2808 [Punishments]
446 2839 1889 2970 Disposal of his effects as if he were dead: if he
256 2918 1936 3062 6. The rest of his Effects shall be disposed of as if he were dead.
389 2995 1863 3105 has neither wife, nor descendants, nor progenitors living,
412 3039 660 3100 forfeiture.
230 3089 1263 3219 From No 1 this page Exposition.
1066 3266 1898 3380 That is an intent to defraud
229 3262 1930 3436 [(A) Fraudulent Intent] 1. A fraudulent intent in this case is
184 3391 1383 3533 (See Tit [Defraudment]..) in such manner
1109 3466 1229 3523 (AA)
197 3490 1919 3616 where the intent as to make a profit which a man knows to be
196 3688 1912 3814 unlawful by causing a diminished or counterfeit piece to pass for
199 3882 798 3953 more than it is worth.
1801 3969 1880 4022 D.
