<?xml version='1.0' encoding='utf-8'?>
<PcGts xmlns="http://schema.primaresearch.org/PAGE/gts/pagecontent/2013-07-15" xmlns:xsi="http://www.w3.org/2001/XMLSchema-instance" xsi:schemaLocation="http://schema.primaresearch.org/PAGE/gts/pagecontent/2013-07-15 http://schema.primaresearch.org/PAGE/gts/pagecontent/2013-07-15/pagecontent.xsd">
  <Metadata>
    <Creator>UPV-PRHLT</Creator>
    <Created>2013-03-08T05:03:58</Created>
    <LastChange>2015-12-14T11:11:37</LastChange>
  </Metadata>
  <Page imageFilename="071_166_003.jpg" imageHeight="4096" imageWidth="2731">
    <TextRegion id="t1">
      <Coords points="247,252 247,394 1741,405 1722,233 1475,219 994,269 513,219 244,247" />
      <TextLine id="4458">
        <Coords points="485,375 398,373 330,385 285,383 269,373 271,344 289,328 326,321 330,321 348,307 360,275 403,264 405,262 473,241 498,246 505,280 498,283 483,305 550,305 566,303 616,289 630,285 642,283 671,269 682,307 741,333 742,316 769,321 801,319 851,283 880,289 905,299 905,300 939,291 953,287 980,301 985,301 1010,330 1012,330 1025,339 1023,321 1050,300 1080,283 1103,283 1107,285 1116,312 1142,316 1153,314 1187,283 1217,275 1225,275 1266,291 1278,332 1307,344 1312,341 1346,307 1382,267 1435,249 1435,250 1564,249 1566,250 1624,273 1635,278 1639,280 1669,324 1675,332 1673,357 1664,364 1657,366 1432,366 1348,387 1255,373 1248,373 1039,371 726,366 492,380" />
        <TextEquiv>
          <Unicode>Frauds relative to the Coin.</Unicode>
        </TextEquiv>
      </TextLine>
    </TextRegion>
    <TextRegion id="t2">
      <Coords points="183,461 1930,461 1930,2461 1925,3275 1622,3205 183,3180 186,455" />
      <TextLine id="4459">
        <Coords points="1499,531 1881,531 1882,532 1881,533 1881,534 1879,536 1879,537 1873,543 1873,544 1869,548 1869,549 1894,551 1901,578 1758,614 1510,601 1500,611 1498,611 1405,612 1383,630 1328,633 808,637 601,610 555,603 424,612 303,603 301,601 250,601 249,600 236,600 235,599 235,598 236,597 236,596 237,595 237,594 242,589 242,588 243,587 243,586 244,585 244,584 246,582 246,581 247,580 247,579 249,577 249,576 251,574 251,573 252,572 252,571 254,569 254,568 255,567 255,566 258,563 258,561 259,560 259,559 262,556 262,555 263,554 263,553 264,552 264,551 265,550 265,549 267,547 535,547 587,551 676,530 1432,539" />
        <TextEquiv>
          <Unicode>him who tendered it fold it up in a bit of paper and put</Unicode>
        </TextEquiv>
      </TextLine>
      <TextLine id="4460">
        <Coords points="1489,743 1910,735 1912,801 1798,842 1405,829 1404,829 1401,826 928,826 927,825 926,825 914,813 501,813 484,796 277,796 274,793 258,793 257,792 226,792 225,791 226,790 226,789 229,786 229,785 236,778 236,777 237,776 237,775 239,773 239,772 240,771 240,770 242,768 242,767 243,766 243,765 245,763 245,757 249,753 249,752 252,749 252,748 255,745 255,744 258,741 1405,741 1429,717" />
        <TextEquiv>
          <Unicode>his seal upon it; and if without the default of the refus=</Unicode>
        </TextEquiv>
      </TextLine>
      <TextLine id="4461">
        <Coords points="1497,935 1559,935 1560,936 1561,936 1562,937 1692,937 1693,938 1695,938 1696,939 1697,939 1700,942 1822,942 1823,943 1824,943 1829,948 1840,948 1855,963 1876,963 1876,967 1877,968 1877,973 1878,974 1878,976 1877,977 1877,978 1872,983 1871,983 1870,984 1869,984 1868,985 1867,985 1866,986 1856,986 1854,988 1748,988 1747,989 1562,989 1561,990 1545,990 1544,991 1542,991 1541,992 1448,992 1427,1013 947,1013 938,1022 936,1022 935,1023 933,1023 902,992 789,992 787,990 761,990 759,988 518,988 517,987 363,987 362,986 282,986 280,984 257,984 256,983 256,982 255,981 232,981 232,977 231,976 231,973 232,972 232,971 233,971 234,970 259,970 261,968 262,968 263,967 264,967 265,966 266,966 267,965 351,965 373,943 374,943 375,942 642,942 644,940 738,940 740,938 740,937 742,935 1394,935 1442,949" />
        <TextEquiv>
          <Unicode>:er the seal be broke before it has been opened under the</Unicode>
        </TextEquiv>
      </TextLine>
      <TextLine id="4462">
        <Coords points="625,1117 703,1117 710,1124 1896,1117 1874,1233 1655,1196 1539,1192 1507,1194 1444,1194 1349,1203 1080,1217 753,1226 472,1204 472,1178 469,1175 398,1175 397,1174 340,1174 339,1173 338,1173 336,1171 284,1171 283,1170 264,1170 263,1169 244,1169 242,1167 233,1167 231,1165 231,1163 234,1160 234,1159 237,1156 238,1156 241,1153 242,1153 267,1128 275,1128 279,1124 280,1124 281,1123 555,1123" />
        <TextEquiv>
          <Unicode>direction of the Judge, the party who tendered it shall lose</Unicode>
        </TextEquiv>
      </TextLine>
      <TextLine id="4463">
        <Coords points="455,1426 444,1383 407,1376 403,1376 273,1380 219,1373 221,1357 255,1305 273,1314 292,1326 319,1337 403,1337 405,1335 428,1328 433,1326 464,1316 466,1316 499,1323 503,1325 544,1349 548,1350 555,1376 507,1423 507,1425 457,1428" />
        <TextEquiv>
          <Unicode>his remedy.</Unicode>
        </TextEquiv>
      </TextLine>
      <TextLine id="4464">
        <Coords points="928,1492 887,1483 862,1457 860,1437 892,1400 914,1380 944,1385 973,1433 973,1471 926,1491" />
        <TextEquiv>
          <Unicode>4.</Unicode>
        </TextEquiv>
      </TextLine>
      <TextLine id="4465">
        <Coords points="1485,1586 1659,1586 1662,1589 1807,1589 1821,1603 1852,1603 1866,1617 1907,1608 1901,1648 1892,1634 1891,1635 1885,1635 1884,1636 1884,1637 1883,1637 1882,1638 1863,1638 1862,1639 1861,1639 1860,1640 1859,1640 1857,1642 1856,1642 1855,1643 1854,1643 1847,1650 1847,1651 1844,1654 1844,1655 1841,1658 1841,1659 1837,1663 1837,1664 1835,1666 1834,1666 1833,1667 1833,1668 1828,1673 1826,1673 1825,1674 773,1669 551,1648 481,1648 481,1641 459,1619 459,1618 458,1617 458,1612 506,1564 506,1563 508,1561 508,1560 509,1559 509,1558 513,1554 514,1554 516,1552 517,1552 518,1551 519,1551" />
        <TextEquiv>
          <Unicode>If the Judge should be out of the way or if no Judge</Unicode>
        </TextEquiv>
      </TextLine>
      <TextLine id="4466">
        <Coords points="1488,1768 1824,1768 1828,1772 1877,1772 1877,1774 1892,1789 1892,1790 1893,1791 1893,1795 1892,1796 1892,1799 1890,1801 1890,1803 1886,1807 1884,1807 1883,1808 1882,1808 1881,1809 1879,1809 1878,1810 1875,1810 1874,1811 1856,1811 1855,1812 1810,1812 1809,1813 1795,1813 1794,1814 1794,1815 1793,1816 1793,1817 1790,1820 1790,1821 1787,1824 1787,1825 1784,1828 1783,1828 1782,1829 1329,1829 1323,1835 1143,1835 1136,1842 627,1842 614,1830 591,1835 535,1815 333,1824 240,1807 234,1801 223,1801 222,1800 220,1800 219,1799 219,1797 218,1796 218,1794 219,1793 219,1791 221,1789 221,1788 222,1788 223,1787 232,1787 239,1780 240,1780 241,1779 246,1779 268,1757 860,1749" />
        <TextEquiv>
          <Unicode>should live within Three Miles of the spot where the dispute</Unicode>
        </TextEquiv>
      </TextLine>
      <TextLine id="4467">
        <Coords points="1805,1962 1778,1960 1750,1942 1764,1910 1766,1908 1787,1905 1791,1905 1808,1908 1821,1933 1821,1951 1807,1962" />
        <TextEquiv>
          <Unicode>(a)</Unicode>
        </TextEquiv>
      </TextLine>
      <TextLine id="4468">
        <Coords points="1755,1948 1803,1973 1883,1937 1894,2037 1769,2021 1469,2027 1407,2017 1385,2026 1160,2042 933,2042 644,2030 610,2007 562,2014 512,2014 499,2001 378,2001 366,1989 333,1989 332,1988 310,1988 309,1987 235,1987 231,1983 222,1983 222,1981 223,1980 223,1979 224,1978 224,1977 225,1976 225,1975 230,1970 231,1970 232,1969 233,1969 234,1968 236,1968 237,1967 271,1967 301,1937 572,1937" />
        <TextEquiv>
          <Unicode>arises, the party complaining may resort to the minister of</Unicode>
        </TextEquiv>
      </TextLine>
      <TextLine id="4469">
        <Coords points="1716,2196 1614,2217 1355,2230 812,2191 742,2232 696,2192 373,2174 263,2174 262,2173 261,2173 260,2172 235,2172 232,2169 222,2169 222,2166 226,2162 226,2151 227,2150 227,2149 231,2145 231,2144 233,2142 233,2141 237,2137 237,2136 240,2133 240,2132 245,2127 245,2126 248,2123 346,2123 353,2116 354,2116 355,2115 356,2115 358,2113 359,2113 362,2110 366,2110 367,2109 728,2123 1432,2139 1582,2116 1710,2144" />
        <TextEquiv>
          <Unicode>the Parish who may act in this behalf as Judge.</Unicode>
        </TextEquiv>
      </TextLine>
      <TextLine id="4470">
        <Coords points="921,2391 889,2387 860,2373 853,2353 873,2330 910,2298 910,2296 941,2289 942,2289 966,2314 966,2316 964,2360 960,2364 942,2382 921,2389" />
        <TextEquiv>
          <Unicode>5.</Unicode>
        </TextEquiv>
      </TextLine>
      <TextLine id="4471">
        <Coords points="1397,2444 1398,2444 1467,2513 1785,2513 1787,2501 1801,2501 1885,2498 1843,2535 1905,2523 1899,2573 1860,2567 1809,2555 1808,2556 1804,2556 1802,2558 1702,2558 1696,2564 1637,2564 1636,2565 1596,2565 1595,2566 1593,2566 1592,2567 1572,2567 1571,2568 1569,2568 1568,2569 1519,2569 1518,2570 1517,2570 1515,2572 1359,2572 1358,2573 1233,2573 1232,2574 700,2574 561,2540 526,2540 523,2537 511,2537 511,2535 512,2534 512,2533 515,2530 515,2529 517,2527 517,2512 522,2507 522,2506 535,2493 535,2492 538,2489 538,2488 540,2486 541,2486 542,2485 591,2485 593,2483 594,2483 595,2482 619,2482 640,2461 1383,2461 1396,2448 1396,2446 1397,2445" />
        <TextEquiv>
          <Unicode>Where the person who made the order is not the re=</Unicode>
        </TextEquiv>
      </TextLine>
      <TextLine id="4472">
        <Coords points="1438,2708 1857,2708 1869,2720 1876,2720 1877,2721 1878,2721 1883,2726 1883,2727 1884,2728 1884,2729 1885,2730 1885,2733 1886,2734 1886,2740 1885,2741 1885,2743 1884,2744 1884,2745 1883,2745 1882,2746 1880,2746 1878,2748 1855,2748 1854,2749 1724,2749 1723,2750 1685,2750 1680,2755 1679,2755 1678,2756 1675,2756 1674,2757 1555,2767 1495,2757 1494,2758 1462,2767 1374,2762 1352,2783 902,2783 899,2780 509,2780 508,2779 507,2779 494,2766 241,2766 240,2765 240,2738 224,2722 224,2721 223,2720 224,2719 224,2712 225,2711 324,2711 336,2699 337,2699 338,2698 456,2698 461,2693 461,2692 463,2690 464,2690 465,2689" />
        <TextEquiv>
          <Unicode>:gular Judge, if the party in whose disfavour it is made</Unicode>
        </TextEquiv>
      </TextLine>
      <TextLine id="4473">
        <Coords points="254,2861 256,2861 258,2863 655,2863 658,2866 1373,2903 1487,2878 1776,2880 1858,2857 1888,2918 1889,2918 1889,2919 1888,2920 1884,2920 1883,2921 1879,2921 1878,2922 1876,2922 1875,2923 1872,2923 1871,2924 1868,2924 1867,2925 1851,2946 1723,2925 1722,2926 1719,2926 1718,2927 1697,2927 1696,2928 1678,2928 1677,2929 1662,2929 1661,2930 1639,2930 1638,2931 1630,2931 1629,2932 1620,2932 1591,2961 1590,2961 1586,2965 1584,2965 1583,2966 1564,2942 1344,2960 832,2932 764,2978 660,2932 615,2958 493,2958 491,2956 484,2956 483,2955 482,2955 474,2947 339,2947 315,2923 306,2923 304,2921 254,2921 253,2920 252,2920 251,2919 227,2919 227,2914 228,2913 228,2912 229,2911 229,2910 230,2909 230,2908 231,2907 231,2890 234,2887 234,2886 236,2884 236,2883 239,2880 239,2879 245,2873 245,2872 248,2869 248,2868 251,2865 251,2864" />
        <TextEquiv>
          <Unicode>be refractory, it may be carried into execution against him</Unicode>
        </TextEquiv>
      </TextLine>
      <TextLine id="4474">
        <Coords points="690,3055 932,3055 935,3058 1855,3058 1861,3064 1916,3064 1916,3067 1914,3069 1914,3070 1911,3073 1911,3074 1906,3074 1905,3075 1905,3099 1903,3101 1902,3101 1901,3102 1899,3102 1898,3103 1897,3103 1896,3104 1895,3104 1894,3105 1874,3105 1873,3106 1856,3106 1855,3107 1799,3107 1786,3120 1785,3120 1783,3122 1782,3122 1781,3123 1511,3123 1490,3144 1489,3144 1488,3145 1487,3145 1486,3146 1482,3146 1480,3144 653,3144 652,3143 652,3142 651,3141 436,3141 435,3140 435,3139 413,3117 244,3117 243,3116 243,3107 222,3086 222,3083 223,3082 223,3081 224,3080 224,3078 225,3077 225,3076 226,3075 226,3074 227,3073 227,3061 231,3057 231,3056 233,3054 233,3053 236,3050 236,3049 239,3046 239,3045 240,3044 240,3043 242,3041 242,3040 244,3038 244,3037 247,3034" />
        <TextEquiv>
          <Unicode>by the regular Judge, who upon production of the order, shall</Unicode>
        </TextEquiv>
      </TextLine>
      <TextLine id="4475">
        <Coords points="1846,3212 1787,3210 1780,3192 1780,3189 1799,3157 1801,3155 1819,3142 1857,3141 1878,3167 1880,3196 1839,3216" />
        <TextEquiv>
          <Unicode>be</Unicode>
        </TextEquiv>
      </TextLine>
    </TextRegion>
    <TextRegion id="t3">
      <Coords points="150,3233 925,3219 1216,3275 1950,3377 1950,4005 138,3980 144,3227" />
      <TextLine id="4476">
        <Coords points="957,3323 946,3321 860,3310 823,3303 817,3278 844,3262 901,3239 955,3239 1010,3258 1012,3266 1017,3299 1017,3300 1005,3321 1001,3323 957,3325" />
        <TextEquiv>
          <Unicode>Note.</Unicode>
        </TextEquiv>
      </TextLine>
      <TextLine id="4477">
        <Coords points="231,3344 239,3344 240,3345 251,3345 252,3346 261,3346 262,3347 263,3347 277,3361 295,3361 296,3362 369,3362 375,3368 562,3372 582,3372 592,3382 640,3382 644,3386 653,3410 710,3385 935,3401 1376,3419 1407,3408 1443,3408 1444,3409 1462,3409 1463,3410 1674,3410 1684,3420 1686,3420 1709,3443 1870,3443 1870,3464 1876,3470 1876,3475 1851,3475 1850,3476 1850,3477 1847,3480 1847,3481 1846,3481 1845,3482 1845,3483 1841,3487 1841,3488 1835,3494 1834,3494 1833,3495 1832,3495 1831,3496 1696,3480 1630,3494 1507,3467 1416,3460 1353,3460 857,3476 657,3448 571,3467 414,3421 266,3421 265,3420 237,3420 236,3419 230,3419 229,3418 219,3418 218,3417 217,3417 217,3394 218,3393 218,3392 219,3391 219,3390 220,3389 220,3387 221,3386 221,3384 222,3383 222,3380 223,3379 223,3375 225,3373 225,3370 226,3369 226,3368 227,3367 227,3365 228,3364 228,3346 229,3345 230,3345" />
        <TextEquiv>
          <Unicode>[(a) Minister] Instead of or in concurrence with this Officer, any</Unicode>
        </TextEquiv>
      </TextLine>
      <TextLine id="4478">
        <Coords points="1394,3541 1414,3561 1662,3561 1670,3569 1701,3569 1702,3570 1703,3570 1709,3576 1763,3576 1769,3582 1883,3582 1891,3646 1552,3627 1537,3642 1536,3642 1535,3643 1534,3643 1531,3646 1530,3646 1528,3648 1527,3648 1526,3649 1525,3649 1524,3650 1522,3650 1521,3651 1050,3626 801,3642 676,3619 639,3639 585,3639 584,3638 583,3638 566,3621 374,3621 373,3620 373,3610 361,3598 361,3597 360,3596 311,3596 310,3595 290,3595 289,3594 288,3594 287,3593 262,3593 258,3589 222,3589 221,3588 221,3583 222,3582 222,3581 223,3580 223,3579 228,3574 229,3574 230,3573 232,3573 233,3572 249,3572 272,3549 444,3542 598,3564 1035,3566 1386,3549" />
        <TextEquiv>
          <Unicode>other Officer might be appointed who would be likely 1st. To be al=</Unicode>
        </TextEquiv>
      </TextLine>
      <TextLine id="4479">
        <Coords points="666,3744 672,3699 790,3699 803,3712 1660,3712 1664,3716 1720,3716 1721,3717 1722,3717 1728,3723 1895,3723 1896,3724 1896,3761 1895,3762 1894,3762 1893,3763 1869,3763 1867,3765 1867,3766 1866,3767 1866,3774 1865,3775 1865,3777 1864,3778 1864,3780 1863,3781 1863,3782 1862,3783 1862,3784 1861,3785 1861,3786 1859,3788 1859,3789 1857,3791 1857,3792 1852,3797 1852,3798 1848,3802 1846,3802 1845,3803 1230,3808 674,3776 630,3803 626,3807 625,3807 624,3808 622,3808 621,3809 618,3809 601,3792 288,3792 244,3748 240,3748 237,3745 223,3758 219,3744 219,3734 220,3733 220,3732 221,3731 399,3703 479,3731 482,3728 483,3728 484,3727 495,3727 499,3723 614,3735" />
        <TextEquiv>
          <Unicode>:ways in the way. 2ly. To be sufficiently responsible. 3ly. To be of</Unicode>
        </TextEquiv>
      </TextLine>
      <TextLine id="4480">
        <Coords points="311,3858 325,3872 423,3872 427,3876 1479,3876 1517,3914 1559,3914 1560,3915 1587,3915 1588,3916 1589,3916 1590,3917 1591,3917 1593,3919 1595,3919 1596,3920 1597,3920 1605,3928 1617,3928 1618,3929 1618,3932 1617,3933 1617,3934 1616,3935 1615,3935 1614,3936 1231,3932 773,3932 768,3927 260,3927 234,3901 224,3901 223,3900 223,3898 222,3897 222,3895 223,3894 223,3893 226,3890 230,3890 239,3881 240,3881 241,3880 281,3880 297,3864 304,3864 309,3859 310,3859" />
        <TextEquiv>
          <Unicode>sufficient discernment to be trusted with such a power.</Unicode>
        </TextEquiv>
      </TextLine>
    </TextRegion>
  </Page>
</PcGts>