2731 4096
382 245 1281 447 Of Justifications.
625 579 1894 729 Justification in Law is the shewing
187 768 1859 867 that what one has done is done according to Law.
629 965 1904 1086 The term Justification is herein after
175 1127 1889 1238 employed for shortness, instead of saying ground
132 1251 748 1407 of Justification.
609 1425 1914 1541 A ground of Justification is any circumstance,
197 1590 1894 1720 the existence of which when applied
171 1746 1918 1845 to any act in question, proves the act to have been
176 1893 998 1995 done according to Law.
571 2063 1918 2179 The effect of a Justification is accordingly
185 2227 1918 2332 to exempt the person in question from punishment
180 2401 531 2495 altogether.
496 2491 1865 2611 An act which is accompanied by any
183 2656 1889 2760 circumstance which is a ground of justification
181 2799 1909 2902 is said also to be done with lawful cause: and
179 2964 1871 3060 the person may be said to have a right to do it.
167 3038 1538 3144 and it may be said to be not injurious:
205 3091 1872 3237 and the doing it may be said to be no injury.
