2731 4096
577 246 1570 417 Of Justifications.
1160 457 1252 545 9
196 511 1912 646 [(B) Free] Consent is not free if given only inconsequence
232 715 1912 805 of a well-grounded apprehension of greater injury: As if
231 877 1974 972 a man give you cause to apprehend that if you will not
221 1023 1896 1139 fight with him at fisticuffs or stand still and let him
227 1201 1921 1331 beat You, he will shoot You; or set your House on fire; or
218 1374 1921 1479 publish you for a Coward; or will not pay You what he
227 1535 1165 1638 is bound by Law to pay you.
1100 1650 1205 1730 10
274 1691 1937 1818 2. But if all he give you to apprehend is that he will
1595 1874 1962 1947 might have
217 1872 1894 1985 not shew you some favour which otherwise he intended to
219 2026 1890 2153 shewn You, this of itself makes not the Consent otherwise
234 2196 504 2279 than free.
1037 2280 1300 2380 10 11
205 2334 1930 2511 [(C) Fairly] 1. Consent is obtained unfairly or by imposition
232 2551 1926 2663 when given only in virtue of a false representation or stu=­
228 2681 1907 2829 ­:died concealment_ of the consequences likely to ensue from
229 2845 1928 2990 the evil consented to. As if a man consent to fight You
1605 2981 1928 3060 in order to
234 2982 1895 3121 at fisticuffs; and You tackle a roll of lead in your hand
220 3108 1938 3268 to give weight to the blow, to take up a piece of
225 3212 1898 3354 lead and hold in your hand, without his being apprised
225 3272 392 3350 of it.
1117 3314 1218 3371 12
328 3320 1994 3465 2._ Or of circumstances which would diminish his chance
244 3489 1969 3637 of attaining the object which was his inducement to Consent.
232 3641 1900 3768 As if upon your mutual consent to fight, you secretly
232 3818 1911 3916 make use of a plate of metal or any other substance by
1715 3940 1885 4021 may
