2731 4096
344 255 1712 389 Of Semi-public Offences in General.
180 405 1915 494 in respect of the manner in which they affect the person whom they
174 468 328 540 regard
176 492 1931 599 stand upon a footing which is in great measure opposite to that on which
851 605 1107 670 appear to
206 656 1889 753 those of the preceding division stand. Offences against a Neighbourhood,
206 806 1926 917 we observed, could scarcely affect men in any other way than in point of
188 928 1932 1055 person or of property: in point of reputation or condition men could hard=­
188 1102 1911 1225 ­:ly be affected by them. But among Offences whereby a factitious Class
211 1254 1908 1354 of persons may be affected, are hardly to be found any which can
210 1412 1121 1530 directly affect men in their persons.
438 1564 1899 1656 To this division however as well as to the former may belong
219 1692 1912 1815 Offences against property: for whatever article is capable of belonging to
218 1852 1909 1961 a single individual, may belong jointly to a factitious class of per=­
192 1985 1924 2093 ­:sons; and is exposed to the same attacks in this case as in the former.
447 2150 1928 2244 But it is in point of reputation and condition that a facti=­
208 2299 1925 2420 ­:tious class of persons is particularly vulnerable. It can scarcely hap=­
205 2437 1899 2568 ­:pen that all the members of a civil corporation, or of a religious sect,
1064 2594 1131 2642 (d)
212 2597 1927 2708 or that all the subjects or natives of a particular state, or of a par=­
1677 2690 1885 2778 ­:ticular
921 2834 1101 2886 Note.
237 2887 1904 3028 [(a) Natives.] The class composed of all the natives of a particular
231 3060 1894 3171 spot, such a class for instance as is expressed by the terms we employ
224 3180 1870 3304 when we say the Irish, the Gascons, the Vandois, is not to be deemed
214 3315 1912 3436 for the present purpose a local class of persons. By a local class of
224 3458 1893 3568 persons we understand a class composed of such persons of whatever
228 3577 1934 3692 country they may be natives who happen for the time being to be resident
230 3708 1934 3818 on a particular spot. Now it may happen that in the spot in question at
234 3822 1915 3930 the time in question there was not a single person resident who was a native
392 3907 502 3950 even
242 3924 1137 4012 of it, or had the privileges of a Native.
