2731 4096
235 264 1559 402 Of Frauds relative to the Coin.
282 2304 1902 2489 Question I. ) Why a man is not made criminally responsible
198 2501 1844 2644 for putting off bad Coin which he has innocently received ?
835 2621 1189 2732 Reasons.
303 2726 1890 2850 1. Punishment in this case would be groundless. There is,
1657 2885 1950 2946 all that it
253 2855 1503 2978 in fact no clear portion of mischief produced,
210 2935 1896 3037 in truth no clear harm done by such a transaction: there is no
230 3019 1873 3132 does is to shift it a mischief already produced from one
366 3058 1185 3163 mischief produced must
222 3113 1909 3231 other ^ harm done than what would be <gap/> without <gap/>
229 3218 722 3281 man to another.
179 3289 1910 3413 ^ If having taken bad Money for good, you cannot put it off,
214 3487 1905 3594 the loss is yours; if you put if off upon me, I suffer a loss it is
220 3679 1889 3775 true; but no more than what You would have suffered , if you
234 3869 1112 3969 had not shifted it off upon me.
1750 3909 1929 3992 2. The
