2731 4096
598 272 1828 418 Of Excuses Extenuations
221 468 551 552 multitude
217 532 1980 638 <gap/> multitude of circumstances too various to be enumerated: for
220 690 1950 798 instance 1. Upon the circumstances of the instrument. 2.
245 850 1991 965 Upon the circumstances of the persons who may by any pro=­
1651 970 1924 1052 degree of
174 995 1990 1124 ­:bability be within the reach of it: 3. Upon the probability
207 1092 388 1164 which
180 1162 1941 1300 there is that any such persons may be within the reach
212 1318 402 1440 of it.
333 1471 1944 1601 3.1 Upon the circumstances of the instrument, such as its
250 1621 1964 1754 bulk, it's weight, it's hardness, its figure, the direction in
1804 1781 1898 1834 as
244 1775 1951 1888 which, and the force with which, it is made to move; also
724 1874 2155 1994 (chemical for instance or physiological)
227 1908 1987 2071 upon any peculiar latent powers, which it may possess. Thus
247 2090 1927 2215 a rafter, when let fall from the top of a house, will be
242 2253 1945 2379 more likely to do mischief than a piece of lath; a rod
252 2412 1985 2532 of iron than a rod of wood; a pointed rod than a blunt
249 2585 1987 2718 one; a rod moving point-foremost than moving any other
245 2748 1967 2871 way: a rod dropped from a three pair of stairs window
245 2893 1976 3014 than from a one pair of stairs window; a rod hurled with
249 3054 1957 3172 might and main than a rod which is simply dropped:
247 3209 1929 3323 a pointed rod impregnated at the point with certain
242 3358 1927 3516 poisons than the same kind of rod not so impregnated.
275 3558 1983 3719 4.2. Upon the circumstances of the persons who may appear
240 3724 1945 3871 likely to be within the reach of danger. Thus a blow with
1742 3890 1914 3985 the
