2731 4096
1099 246 2071 383 Of Culpable Insolvency.
859 503 2506 617 If Confinement of any kind is made part of the punishment
833 699 2496 818 the ne plus ultra of it should be made proportionable to the
837 861 2528 975 whole amount of a man's debts: so much Confinement can=
835 1042 2535 1164 :celling so much Debt. But it should be made proportionable
836 1224 2541 1338 also to a man's former Circumstances and rank in life; because
835 1417 2510 1529 according to his pecuniary circumstances or connections a man
1235 1571 1304 1602 a
840 1586 2512 1678 has a better or ^ worse excuse for borrowing, and a better or a
848 1736 2514 1865 worse chance for paying; and because according to his circum=
841 1919 2491 2030 :stances and rank in life he will suffer more or less from
848 2121 2487 2236 the inconveniences of Confinement. A Tarif therefore or
1815 2228 1948 2301 [+]
845 2272 2493 2428 Book of rates should be constructed ^ consisting of several
857 2471 2541 2583 chapters. Each Chapter should consist of a List of different
835 2674 2523 2797 Sums corresponding to another of different lengths of Con=
862 2854 2549 2949 :finement. In each Chapter the proportion between the Debt
863 3036 2523 3151 and the Confinement might be different; and there should
863 3224 2521 3332 be as many Chapters as there are different conditions of
1409 3335 2567 3418 The number of conditions thus distinguished
859 3404 2548 3541 life distinguished. ^ These conditions could not perhaps be in
859 3586 2560 3712 a very great; <gap/>, for fear of rendering the plan too intri=
873 3774 2553 3903 cate. But some of the most capital distinctions might certain=
2385 3885 2460 3979 :ly
