2731 4096
1141 224 1779 370 Of Adultery.
848 506 2115 620 pay more or less on the score of Compensation.
1104 632 2389 754 the sollicitation begun on the part of
861 697 2552 815 4. If, before he ever sollicited the woman[, she sollicited him]..
854 858 2500 1004 In this case he shall neither be fined nor pay any thing
856 1090 1635 1195 on the score of compensation.
883 1236 2543 1366 5. If the Husband was consenting. In this case the Of=­
854 1434 2526 1565 ­:fender shall pay nothing on the score of compensation.
906 1664 2512 1791 6. If the Adulteress has any excuse or if the adulterer
856 1874 2522 1986 upon probable grounds believes her to have such or such
849 2058 1779 2157 a particular excuse. See infra .
973 2261 2532 2380 Other Excuses are; 7. Want of Intention . 8. Ignorance
844 2436 2537 2559 of the Law. 9. Innocence of Intention. 10. Intoxication. 11.
849 2617 2017 2727 Compulsion. 12. Deference to Authority.
1134 2848 2535 2995 If a married Woman commits Adultery with a
859 3056 2293 3165 single man, her punishment shall be as follows
1571 3226 1758 3313 put
897 3250 2566 3395 1. Her Husband may send her away and marry another
850 3393 1150 3502 Woman.
880 3521 2576 3678 2. If she has a fortune independent of her husband and
868 3718 2569 3847 has a Child or Children whether by him or any former
2284 3830 2595 3943 Husband
