2731 4096
1018 202 2081 379 Of Family Imposture
816 531 2496 637 as the common case of Adultery: in which not only the person
810 729 2322 829 of the woman is defiled but her affections are alienated.
2014 952 2112 1015 (a)
1066 953 2481 1085 The case of the faux Martin Guerre, uncommon as it
801 1154 2517 1263 is, is provided for in the above definition. Such an imposture
801 1339 2491 1457 can hardly be carried on with the least probability of suc=­
791 1523 2066 1657 ­:cess without the Wife's being an Accomplice.
1067 1744 2506 1859 The most common case of Family Imposture is that of
802 1931 2510 2039 a suppositio partus ; where a married woman produces and brings
800 2110 2507 2203 up as her own a child which is not her own. This kind of
798 2276 2513 2407 fraud is most commonly practised in families of condition: and
869 2422 1200 2467 most common
806 2477 2517 2594 the motive to it is a disagreement between the woman and the
803 2672 2535 2780 next heir. The case may be either that there was no pregnancy:
805 2825 2524 2972 or that there was a pregnancy and delivery; but the child dy=­
803 3032 2480 3145 ­:ing or growing sickly, another was procured in the room of it.
2266 3159 2491 3214 Instances
1419 3302 1577 3362 Note
812 3406 2532 3530 (a) An impostor who passed himself off for a Man of that name, and
802 3559 2534 3694 for a length of time was recognised as such by the man's Wife and seve=­
818 3721 2572 3832 ­:ral of his friends and relations. They perhaps were deceived throughout,
1317 3812 1580 3860 seems to be
815 3839 2535 3954 but as to the wife there is no accounting for her behaviour but by supposing
2431 3914 2547 3972 that
