2731 4096
1445 166 1516 230 **<SUB>** C
880 240 2004 395 Frauds relative to the Coin.
850 564 2524 677 2. Accordingly a piece of genuine coin is not diminished with
805 764 2471 874 a fraudulent intent if the diminution be effected only in the
801 967 2491 1071 way of experiment for the advancement of science: for instance
803 1158 2421 1265 by assaying the piece or exposing it to a partial dissolution,
796 1350 2484 1456 taking care afterwards not to pass it off as if it were undimi=
798 1557 1030 1621 :nished.
1135 1649 1594 1739 any how in the
939 1701 2482 1825 3 Or ^ in any way of curiosity; as by taking the half of
796 1910 2524 2028 one piece of coin and causing it to screw on to the correspondent
791 2109 1568 2215 half of another piece of coin.
796 2287 2517 2413 [(AA) Profit] 4 Where, having received diminished or counterfeit
810 2494 2491 2586 Coin at the same Value as if it had been undiminished and
793 2683 2530 2791 genuine, a man utters it as if it were genuine and undiminish=
793 2870 2433 2987 :ed, in the view only of saving himself from a loss, and
797 3063 2480 3160 not in the view of making any profit upon the whole, his
801 3233 2493 3333 intent is not to be deemed fraudulent : nor shall he be cri=
792 3425 2498 3540 :minally responsible. A man shall not be criminally respon=
793 3624 2499 3737 :sible for putting off bad Coin which he has innocently re=
794 3807 994 3871 :ceived.
914 3876 2491 3999 5. If a man offers bad money only a piece or two or a few
2344 3949 2503 4012 pieces
