2731 4096
847 216 2232 340 Of Defraudment by false standards
765 483 1873 589 such as are found faulty to be destroyed.
782 665 2474 778 IV. To compose a set of cautionary rules, instructing custo=
770 848 2473 947 :mers how to beware of the several kinds of frauds that may
772 1028 2470 1125 be practised in the application of the several sorts of stan=
763 1180 2445 1299 :dards, and to oblige every trader to keep a printed copy
742 1367 2458 1495 of these rules hung up in a particular place of his Shop,
1090 1450 1345 1505 be sure to
760 1478 2472 1597 where it may meet the eye of every customer that comes in.
875 1570 1527 1648 It is to be observed that in
775 1605 2475 1752 V. In this case also the default may in some instances be
753 1796 2427 1900 owing to negligence: + though it is not so likely to be owing to
753 1991 2476 2084 that cause as in the case of a bare deficiency in weight or mea=
757 2180 2460 2277 :sure. Where genuine standards with a stamp are established
759 2353 2429 2454 by authority, if a man use such as are unstamped this can
748 2547 2462 2640 seldom be through negligence: though it may, if using such
745 2737 2432 2835 as are stamped he suffer them to be out of order. In this
756 2946 2479 3040 case, the destruction of the standards in question, with or with=
2258 3044 2458 3140 For a
725 3111 2488 3252 :out a small fine may be a proper punishment. If any
734 3217 2501 3327 second offence, publication as in the case of Simple mercantile
731 3288 2510 3418 further punishment be needed, the publication of the offender's
737 3394 2488 3515 defraudment. If the offence should ever be committed a third
728 3498 2532 3617 name (together with an account of the offence) in a manner
735 3585 2485 3715 time, it may be taken as a violent presumption of fraud.
743 3708 2485 3815 more or less extensive, for instance by advertisement in a
750 3873 2452 3984 newspaper, or by proclamation in the market place, will
740 3970 1224 4032 answer the design.
