2731 4096
1210 58 1314 139 C
209 97 1469 270 Of Injuries affecting locomotion
337 249 1856 390 Of Kidnapping Confinement
213 513 1342 636 gone had it not been for the offence.
1299 694 1873 813 Other Aggravati=
208 910 1848 1032 :ons are the same as in Simple Personal Injuries: which
194 1070 382 1157 See.
827 1075 1598 1201 Excuses Extenuations
331 1187 1784 1283 Are the same as in Simple Personal Injuries
326 1274 1895 1383 Are 1. Want of intention. 2. Ignorance of the Law. 3. In=
220 1441 1913 1586 :nocence of intention. 4. Intoxication. 5. Compulsion. 6. In=
210 1633 1493 1737 :fluence of authority. See Tit: of Excuses.
801 1820 1360 1911 Observations.
1474 1991 1797 2055 in this case
345 2002 1929 2148 Concerning the Justifications admitted with regard to
718 2164 1041 2231 Unlawful
219 2204 1829 2306 the offence of Kidnapping Confinement: particularly
227 2281 1932 2375 when aggravated by the 1st ground of aggravation; viz.
247 2338 925 2394 strangeness of the place.
297 2372 1931 2468 With regard to the first article in the general catalogue of
1371 2437 1845 2480 this stands excluded
220 2425 1898 2551 1. ^ The first Justifications, to wit, Consent, ^ is precluded by the
236 2633 927 2712 Definition of the offence.
352 2766 839 2838 With regard to the
242 2803 1870 2919 2. ^ The second, third, and fourth, viz. Medical practice,
1498 2972 1918 3048 the case must be
245 3000 1922 3106 Precaution against calamity and Defence, can scarcely even
235 3098 1871 3185 an extraordinary one to admitt of them. It certainly however
244 3152 1957 3265 is not impossible they should take place. all of them, cases
231 3198 1860 3310 take place in point of fact. With regard to the two first
1074 3271 1732 3340 into such a mistaken
214 3297 2154 3427 a Cases may be put, in which give into a false supposition respecting
218 3357 1945 3487 however ^ a man may innocently suppose the probable mat=
364 3464 1907 3580 , as may be prove an ill-grounded or mistaken. As if for
235 3551 1910 3672 :ter of fact For example in case of any disease, that the
234 3671 794 3764 supposition be, that the
212 3722 1937 3860 ^ party injured has no other chance of being cured than by being
1607 3855 1900 3975 conveyed
