2731 4096
361 261 1747 405 Of Irreparable Personal Injuries.
230 491 1024 621 impressive of his offence.
227 552 1962 682 3. All or any of the punishments for Simple Personal Injuries
315 632 1292 748 All at option. Exposition
915 727 1524 837 Exposition (a)
257 791 1572 950 [(A) Lawful Cause] See Tit: 1 Justifications[c] ]
877 1038 1051 1093 Note.
266 1132 1853 1225 (a) The practice of castrating children in those countries in
230 1281 1945 1380 which it is thought fit to be tolerated will need a special justification
233 1406 1924 1527 in its favour. Such a justification, if it must be established, might
229 1566 1218 1657 be conceived in the following terms.
502 1727 1927 1822 Where the Father or Guardian of a male infant not yet
239 1859 1939 1967 arrived to the age at which the consent of such infant could be fair=­
412 1975 571 2055 (AA)
227 1995 1921 2135 ­:ly obtained, does for the sake of enabling him to get his livelyhood
245 2141 1891 2263 by singing with or without his consent extirpate or disable his
230 2283 1892 2406 Testicles having first obtained permission in writing from the
228 2465 1251 2581 Judge. Exposition.
261 2635 1903 2772 [AA 'Fairly obtained'] See Tit: [Justifications. § Consent.]
1652 2871 1954 2947 put it in the
574 2900 1920 3032 To the Connoisseurs in music I must leave ^ it to
210 3025 545 3114 first place to
218 3082 1921 3167 determine whether the difference between the pleasure of hearing
235 3249 1931 3346 a song sung by a first-rate female singer and that of hearing
235 3391 1932 3504 the same song sung by a castrato be worth purchasing at such
425 3485 1471 3567 Should they answer in the affirmative
642 3547 1327 3610 then in the second place
227 3541 1965 3682 a price. ^ It will ^ remain ^ for the Legislator to determine, whether
228 3691 1892 3832 it be fit to indulge them in their fancy. Should they answer
238 3847 1972 3981 in the affirmative (B) Concerned
