2731 4096
1179 55 1267 126 C
256 112 1955 249 Of Injuries to the liberty of loco-motion
411 248 1731 386 of Unlawful Confinement.
251 529 1922 625 be appointed to watch you and compel you to go or stay only
236 725 789 821 where he bids You.
390 822 1942 936 3. It matters not, how large any more than how
761 866 2031 985 Punishment for instance, or
239 943 1963 1045 small the place: whether it be a single room a whole
241 1016 1108 1102 town, or a whole island.
377 1062 1954 1188 For unlawful confinement the offender's punishment shall
231 1228 1372 1342 be as follows; Punishment
285 1394 1930 1480 1. He may be punished As for simple personal Injuries: which
233 1536 330 1604 See.
292 1623 1898 1730 2. In atrocious cases, he may be punished in the way of
446 1748 593 1820 (A)
231 1779 1052 1868 Retaliation. This at option.
741 1854 1094 1964 Exposition.
1016 1964 1088 2038 1
220 2000 1892 2168 [(A) Retaliation]. 1. By Retaliation is here meant the causing
224 2234 1892 2314 the offender to suffer, as near as may be the same mischiefs or
219 2395 1833 2487 hardships which he has caused the party injured to suffer.
1004 2515 1069 2588 2
362 2577 1913 2684 2. This will generally be by causing him to be ex=­
217 2749 1906 2841 ­:posed to the same distressing circumstances. that In some cas=­
282 2893 478 2948 however,
221 2914 1897 3035 ­:es, it will be most exactly done by causing him to be exposed
216 3092 1893 3194 to different distressing circumstances: as if the party injured,
222 3270 1897 3370 being apt to be more particularly affected by cold, had been
211 3440 1868 3542 subjected to excessive cold; and the offender were apt to be
209 3589 1920 3712 more particularly affected by excessive heat; he may be sub=­
1504 3776 1663 3895 So
214 3795 934 3909 ­:jected to excessive heat.
