2731 4096
865 257 2274 428 Of Semi-public Offences in General.
754 525 2460 619 the mode of building: and this constitutes the third purpose which regulations
763 683 2445 778 made on that subject have or ought to have in view. Also by regulating
772 825 2480 908 the exercise of a number of trades and manufactures which are obnoxi=­
757 967 2461 1079 ­:ous to dangers of this sort. In the country by regulating the use of
772 1112 2490 1246 fire in the neighbourhood of woods; (a) also in Mines, particularly in
772 1299 1095 1369 that of coal.
975 1414 2482 1518 The guarding against the mischief occasioned by explosions has been
776 1569 2462 1669 an object of attention since the invention of gun-powder. In the way of
780 1701 2456 1817 administration, by erecting particular edifices for the fabrication and
779 1858 2500 1993 reception of that dangerous combustible: in the way of legislation, by
777 1991 2492 2139 regulating the manner in which it shall be prepared, conveyed and
957 2125 1978 2217 Here as the danger is of recent date,
788 2152 2480 2298 kept. As is the danger so are the remedies of recent date. With
791 2332 2496 2482 regard to another kind of explosion, the danger is co-equal with the
781 2425 2512 2565 origin of things bold and
793 2494 2498 2624 creation, the remedy is of our own age: the invention of that fortunate
775 2617 1144 2697 and successful
779 2618 2491 2781 genius to whom it was not enough to have done so much for the
1721 2767 1857 2847 yet
795 2781 2518 2930 security of the earth, without doing more for its disquiet. Against
796 2940 2474 3083 explosions by Lightning measures are now taken in many places in
806 3112 2495 3243 the way of administration, by establishing apparatuses for the peace=­
795 3268 2487 3395 ­:able conducting of the electric fluid over edifices to which its vio=­
824 3418 2478 3545 ­:lence would be particularly dangerous: in the way of legislation
817 3577 2475 3694 it would be a natural consequence of the preceding measures to
2329 3658 2492 3750 afford
1518 3761 1712 3844 Note.
801 3804 2171 3929 [(a) Woods] See Loioc de Sardaigne L. 6. Tit. 9. Art. 21.
