2731 4096
280 248 1857 405 Of Irreparable Personal Injuries.
202 510 1935 639 7. The Feet; and in general any portion of the lower Ex=足
328 680 1821 798 足:tremities amounting to one or more Joints
215 874 1744 1018 8. The Pudenda in both Sexes. utroque sexu.
434 991 1255 1105 Mammillae in foemina.
200 1062 1300 1197 9. The Breasts in Woman.
1145 1245 1242 1317 5
232 1303 1932 1442 [(AA) Functions] Or Faculties. It is to be observed that
214 1514 1873 1610 the same member may have diverse Faculties, one of
228 1684 1937 1801 which may sometimes be destroyed or impaired without
229 1890 1923 1990 another. Thus the Tongue and the lower Jaw are sub=足
226 2061 1925 2165 足:servient to two Faculties, mastication and speech; the
500 2201 664 2260 tribus
232 2249 1935 2334 Pudenda :are subservient to three Faculties, urinationi,
210 2391 541 2474 scilict, &
210 2428 1025 2555 coitioni and generationi.
675 2572 1338 2708 Main-Text.
1025 2730 1162 2801 IV
597 2818 1930 2914 Mutilation is the extirpation or depriving
1364 2951 1495 3032 (A)
233 3020 1894 3114 a person of the substance of any member of the body
236 3188 1772 3296 having separate motions or specific Faculties.
842 3340 1261 3442 Exposition.
1067 3492 1112 3550 1
305 3535 1918 3639 [(A) Member] The following are the members which
246 3702 1827 3820 a person is liable to be deprived of by Mutilation.
1769 3888 1917 3944 1. The
