2731 4096
218 228 1792 378 Of Child-stealing on Kidnapping Children
795 498 1133 595 Child-stealing
458 545 1815 668 Kidnapping of a Child is where without lawful
307 715 938 772 (A)  (B)
193 744 1867 851 cause a man is concerned in conveying a Child under [ ]
1125 903 1732 981 either (C) of any
184 960 1862 1052 years of age against the will of his parents or other guar=足
296 1074 942 1191 (D) of his (E)
180 1121 1841 1242 :足dians out of their reach or knowlege; knowing himself
1742 1240 1861 1321 (F)
184 1314 1867 1430 to have no right so to do and intending not to be amenable
167 1504 400 1591 to Laws.
701 1546 1085 1677 Exposition.
216 1763 1863 1882 [(A) Lawful Cause] See Tit. [Kidnapping] verbo [Lawful cause]
1012 1900 1378 1995 Co-offenders.
197 1932 1710 2072 [(B) Concerned] See Tit. [Of Associates in Delinquency.
634 2050 1860 2155 it may be child-stealing although if it be
1505 2114 1732 2180 if it be
185 2101 1874 2231 [(C) Parents] If it be not against the consent or not out of the
191 2201 1851 2280 by the procurement of one parent, so it be known to be
211 2257 1865 2338 against the will of the other, and without his knowlege
177 2285 1841 2388 each or knowlege of both Parents it is not kidnapping. Child
182 2352 761 2447 -stealing To p. 4
450 2402 741 2458 From p. 4
1060 2438 1181 2477 are
199 2441 1856 2559 [(D) Guardians] To Where there be more guardians than one,
213 2569 1804 2665 it may be child-stealing although if it be without
181 2644 1849 2744 if it be not against the consent, or not out of the reach on
1318 2697 1774 2752 any one Guardian
195 2715 1855 2800 the knowledge or without the reach of either, although
170 2805 1747 2911 knowlege of any one guardian it is not kidnapping.
180 2878 1522 2971 it be by or by the procurement of the rest.
587 2937 1300 3032 It may be child-stealing,
192 2983 1881 3109 [(E) Reach] In case of a Child it may be kidnapping, al=足
185 3173 1836 3296 足:though it be not conveyed beyond sea, or into a foreign
184 3349 970 3461 Country. See Kidnapping
188 3491 1676 3626 [(F) Intending] See Tit: [Theft] verbo [Intending]
777 3671 1272 3768 Punishments.
340 3794 1878 3927 For Child-stealing the offender's Punishment shall be
1765 3925 1880 3980 as
