2731 4096
1278 267 1740 397 Extortion
745 519 2473 634 no longer in any state of dependance on the officer, to take a fee
746 705 2478 814 or pretence of right is not properly extortion, but Fraudulent
748 882 2464 987 obtainment nevertheless it may be treated only as extortion.
628 1000 967 1058 From p 4
713 1032 2506 1173 [(E)Due] A fee may be unlawful either as to the whole of its
737 1196 2512 1321 value or as to part: when only as to part, the extortion is to
731 1408 1995 1519 be estimated only according to that part.
957 1563 2535 1674 If a fee which will be due is taken before it is due,
1713 1706 1808 1745 so
765 1745 2543 1862 the taking it is unlawful as to as much as is the interest upon
763 1908 2531 2012 the value of it, from the day on which it was taken to the day on
771 2092 2186 2181 which it would have been due (both inclusive)
915 2247 2456 2376 A promise of a fee is valid only in as far as the fee is
784 2336 2523 2456 lawful. It may be extortion however to obtain a promise
832 2393 2565 2491 of a fee, as much as if the fee itself were actually obtained: for
778 2447 2567 2567 lawful. a man may be induced to fulfill the To p. 4. at top
941 2508 1773 2580 promise by a sense of honour.
558 2567 2050 2680 From p or an extra <gap/> fee or a fee
900 2626 2536 2769 Expedition money is money or moneys <gap/>given for
665 2691 2550 2828 [(D)Soon] A fee which is given in order that the business of an
782 2789 2560 2902 expeditious office may be done sooner than it would
1407 2888 1477 2935 an
789 2880 2539 2982 be otherwise is stiled expedition-fee or expedition-money
952 2984 2593 3117 It is <gap/> To take expedition money is unlawful
1710 3145 1923 3213 your
801 3168 2563 3312 Where it is given to save ones own business from being
1771 3302 2608 3391 you or he, or neither of you
781 3334 2570 3450 postponed to another's: whether the one on that <gap/> or neither
795 3499 2333 3641 has a right to have his business expedited first.
1854 3654 2052 3715 your
771 3665 2593 3832 2. Where it is given in order that <gap/> business may be
1723 3802 2602 3928 you or he or neither of you
769 3865 2602 3997 preferred to another's: whether the one or the other or neither
2373 3939 2550 3991 has
