2731 4096
935 225 2377 390 Of Semi-public Offences in General.
745 414 1884 538 fall a sacrifice. extent as well as
761 462 2465 604 become the object. But the magnitude and extent of the damage
757 614 2482 749 that may be done in certain circumstances by the tremendous in=
743 794 2484 911 :struments in question is of so extraordinary a nature as to re=
747 945 2457 1063 :move these cases out of the class of private offences into that
761 1109 2450 1244 of semi-public ones and as the treatment which they demand
759 1260 2504 1392 in the way of punishment is different, so must the description
757 1423 2475 1562 respectively given of them be such as may serve effectually to
760 1616 2287 1733 distinguish the extraordinary from the ordinary offence.
980 1793 2468 1900 Offences against a Neighbourhood that are not first rate crimes
758 1961 2469 2065 may be distinguished, 1. Into Offences against the common property of
767 2089 2462 2216 the Neighbourhood, and 2. Offences tending to expose the persons
765 2286 2008 2379 or properties of the neighbours to calamities.
980 2417 2488 2547 Offences of the first mentioned description are mentioned here
767 2585 2459 2700 only for conformity, since they contain nothing that can distinguish
773 2740 2459 2857 them from Offences against the property of individuals. If accom=
1631 2856 2083 2916 and intentionality
770 2898 2475 3014 :panied with criminal consciousness ^ they will be punished cri=
773 3066 2425 3179 :minally in the same manner as if damage were done in the
1825 3180 1921 3240 to
777 3213 2473 3341 same way and to the same amount ^ by an individual: if not
1272 3362 1755 3431 those circumstances
774 3394 2498 3515 accompanied with ^ criminal consciousness they will be punisha=
768 3544 2479 3674 :ble civilly only and in the way of compensation. In this case
777 3727 2480 3843 so much of the compensation as regards the direct damage will go
2250 3860 2404 3957 to
