2731 4096
913 234 2257 415 Forgery - Observations.
843 538 2490 662 signification of which remains always the same such as
840 744 2540 848 an ordinary piece of writing, and that of an instrument
842 932 2532 1039 the signification of which is liable to be perpetually chang=
818 1104 2510 1235 :ing such as a naval Flag. This depends upon the pur­
825 1234 1313 1328 ­pose and occasion.
927 1306 2486 1403 2. What difference there might be, if any between the
810 1492 2493 1600 forgery of a single instrument unsusceptible of multi=
831 1694 2549 1795 :plication such as a piece of writing, and that of a matrix
832 1883 2517 1999 from which any number of similar instruments may be
826 2080 2426 2195 fabricated; such as a seal or stamp. This latter forgery
812 2177 2481 2298 gives room for an indefinite multitude of repeated forgeries.
939 2316 2493 2436 3. What difference, if any, there might be in each case
841 2520 2513 2613 as to the demand for punishment between the forgery of a
849 2701 2541 2809 deed formally executed and the forgery of any other informal
850 2899 2468 3010 writing or other instrument. A deed is more relied on:
837 2987 2492 3098 and more likely to have an influence upon property. But if
837 3060 1937 3155 the effect is the same, there is no difference.
928 3104 2530 3232 4. What difference there might be, if any, between the
848 3291 2537 3431 forgery of an instrument purporting to be an original, and
843 3495 2496 3673 that of an instrument purporting to be a Copy. None, if
866 3613 1458 3686 the effect be the same.
1099 3674 2561 3832 With regard to the two characteristic modes of punish=
2287 3822 2548 3925 :ment
