2731 4096
866 241 2294 401 Frauds relative to the Coin.
1339 458 1450 546 5.
960 619 2435 733 Also all persons who appear likely to know any thing
794 802 2446 903 concerning such instruments filings clippings or washings
795 994 2467 1080 as above mentioned may be compelled to make themselves
792 1162 2485 1271 known and if necessary compelled forthwith to appear in
785 1349 2467 1451 evidence before the constable or the Judge. See the Law con=
777 1529 2223 1638 :cerning the appearance of persons on Evidence.
1364 1687 1467 1798 6.
934 1854 2496 1948 When any instruments of Coining have been seized and tak=
783 2036 2470 2122 :en to the judge he shall cause them to be forthwith destroyed
790 2187 2488 2307 as soon as they can no longer be wanted to be produced in evi=
785 2414 985 2475 :dence.
996 2496 2451 2600 Concerning the arresting of persons suspected of offences
802 2683 1858 2785 against the Coin, See Tit. [Arrests]
2438 2922 2537 2990 (a)
905 2876 2529 3080 II. Provisions for increasing the Difficulty of Imitation.
853 3168 2470 3316 1. Let a reward be offered for the invention of that sort of Coin
809 3384 1966 3491 which it would be most difficult to imitate
1057 3536 2143 3649 In this view it may be of use to consider
847 3717 2498 3824 1. That the greater number of strokes there are upon a piece of
813 3866 1571 3922 (a) Note.
2309 3848 2478 3932 Coin
900 3897 2270 3971 Any man who has power may hang Coiners. There is more honour as well as
805 3954 1816 4012 more humanity in foiling them at their own weapons.+
