2731 4096
278 242 1725 383 Frauds relative to the Coin.
201 525 1929 654 [(D) Counterfeiting] Counterfeiting is the fashioning any sub=
957 673 1130 773 (AA)
203 741 1899 838 :stance which is not genuine and undiminished Coin in the
203 930 1928 1038 intent of causing it to pass for genuine and undiminished.
230 1155 1940 1280 [(AA) Genuine] The word genuine is to be understood here
202 1373 1889 1461 with reference to that denomination of Coin for which the
191 1554 1938 1656 piece in question is intended to be passed. Accordingly if
202 1741 1942 1867 in counterfeiting a piece of genuine Coin of a given Value
199 1936 1983 2056 a man employ a piece of Coin of an inferior Value it is coun=
208 2135 1947 2237 :terfeiting the former as well as if he had taken any other
201 2316 1910 2402 portion of matter which had never been in the shape of
203 2499 1906 2595 any kind of Coin. For instance if a man takes a piece
221 2692 1932 2807 of Copper coin and washes it or rubs it with mercury
209 2868 1910 2957 or cases it with Silver to make it look like Silver: or
223 3064 1912 3188 beats out a smaller piece of silver Coin to the diameter of
217 3291 868 3388 one of a larger kind.
232 3441 1961 3615 [(E) Genuine Coin] Genuine Coin is that which, in the state
218 3693 1947 3793 of which it purports to be the Coin, is made at the public
236 3878 1981 3990 Mint, by persons employed by publick Authority, proceeding
1742 3971 1971 4027 according
