2731 4096
1021 183 2238 354 Offences against Justice.
773 448 2473 569 the business is to do any thing to the person of a man:
762 622 2497 731 things, when the business is to do any thing to a man's
761 762 1133 896 property.]
1571 851 1642 897 30
972 911 2475 1023 Whatever it be that is to be done to a person or thing
761 1081 2511 1195 in course of law may be done either in execution of a judg:-
764 1243 1909 1329 -:ement or in the way to judgments.
1608 1354 1674 1400 31
886 1379 2466 1517 In order for any thing to be done to the person of a
759 1550 2530 1680 man at a future time it is necessary he should be forth:-
787 1717 2516 1812 -:coming at that time. As a means of his being forth:-
761 1876 2526 1967 -:coming he may be required by the Law to be forthcom:-
761 2023 2439 2147 :ing of himself, or not till after some step taken by
2011 2132 2151 2207 31*
757 2178 2490 2378 some other person to compel him.] The expedients employed
747 2357 2528 2484 to compel him to be forthcoming will either be of a phy:-
765 2543 2450 2659 -:sical or of a moral nature . Expedients of a physical
761 2707 2528 2812 nature consist in the confinement of his person: ex:-
767 2879 2533 2982 -:pedients of the moral kind will consist in the com:-
762 3050 2557 3163 -:manding of his attendance. The beginning of confine:-
759 3214 2483 3333 -:ment is called apprehension or arrest: A command
758 3393 2542 3495 of attendance is called a summons. The departure out
754 3571 2484 3670 of legal confinement before an end has been put to it by
764 3735 1818 3838 course of Law is stiled an escape.
1602 3841 1683 3891 32
1039 3866 2505 3981 It is to be observed that in order for his being in
2357 3976 2457 4021 the
