2731 4096
680 451 1312 596 Aggravation I.
1821 672 1925 751 (A)
437 682 1873 816 Where the offence is committed against the order of Nature.
532 863 1936 1014 In such case the Offender may be ignominiously exhi:-
195 1070 1748 1206 -:bited in the tub of Uncleanness. See Punishments.
457 1321 1896 1434 Or he may be banished from the whole or any part of
180 1497 1506 1620 the dominions of the State for a time or forever.
792 1685 1248 1796 Exposition
210 1887 1909 2011 [(A) Nature] Ordo nature violatur si facinus aut cum mas:-
203 2094 1697 2195 -:culo fiat, aut cum femina aliter quam in vagina.
730 2291 1237 2419 Justification is
444 2448 855 2542 In some cases
391 2531 1919 2639 1. Where the party ravished is the wife of the Ravisher,
213 2704 1256 2824 But See, the Law of Man and Wife.
817 2872 1134 2953 Excuses are
562 2970 842 3078 bona fide
330 3052 1939 3171 1. If with a sincere persuasion the Ravisher believes the par:-
193 3252 1893 3385 -:ty ravished to be his Wife. See the Law concerning Man and Wife.
321 3463 1907 3562 2. If she hath ever lived with him before as his Concubine:
198 3650 1924 3762 or if he with her consent hath had carnal knowledge of her be:-
195 3793 324 3886 -:fore.
294 3894 1209 3982 3. If She be a common Harlot.
1732 3926 1791 3990 In
