2731 4096
719 236 2364 405 Offences against the external Security of the State
725 474 975 546 commonly
711 520 2430 632 apt to be united. Accordingly a state is looked upon as being
717 678 2443 780 more responsible for what passes within its own dominions
698 853 1849 939 than for what passes any where else.
971 1013 2442 1118 This jurisdiction however, though the most coercive
708 1166 2443 1257 so long as it subsists, is not the most permanent. The most
708 1322 2405 1412 permanent is that which is constituted by birth. This is
711 1500 2448 1572 evidently perpetual: and this alone is commonly under:-
715 1668 2462 1757 -:stood to constitute the person subject to it, a member of the
716 1800 2398 1926 state. With regard to any other state than that within
696 1987 2441 2081 the dominions of which he was born, a man may be spok:-
715 2177 2446 2301 -:en of as a subject, but he is hardly looked upon as a mem:-
719 2339 2432 2426 -:ber of it unless by his own consent he be constituted such by
724 2511 2419 2595 an express act of the state. Such an Act is called an Act of
723 2662 1182 2735 Naturalization.
959 2825 2417 2948 These two are the only species of jurisdiction that
727 3008 2438 3103 are commonly understood to constitute a man a subject of
721 3158 2396 3263 the state by which they are possessed. In no other case
728 3324 2420 3414 than that of birth is jurisdiction by reason of affection to a
678 3476 2446 3590 place, nor in any case jurisdiction by reason of possessions,
725 3626 2485 3745 or jurisdiction by reason of religion understood to constitute
728 3789 2439 3904 a man a subject. This however is but matter of words; for
2338 3924 2401 3970 it
