2731 4096
724 225 2610 497 Theft Embezzlement and Fraudulent obtainment
760 504 2603 657 and so on But for any offence after the first the Judge
763 738 2569 867 if he should think it necessary for the advancement
730 890 2610 1067 of Justice may appoint a certain quantity of confine:-
757 1117 2527 1201 -:ment to hard labour which shall not be thus excused
779 1328 2551 1477 But if the commutation money for so much as is ex:-
746 1480 2527 1679 -:cused is not enough to yeild a full compensation
761 1733 2528 1854 he shall cause the deficiency to be made good out of
782 1965 1325 2040 the public purse
762 2137 2526 2266 Also whatever is thus collected over and above
767 2409 2487 2508 what amount, to a full compensation shall go into
779 2605 2551 2720 the public purse. This power it <gap/> him particu:-
753 2810 2554 2944 -:larly to make use of where he suspects the offender may
786 3038 1732 3147 be supported by a confederate
916 3194 2537 3383 The Judge may also accept of commutation money
774 3398 2542 3591 for any part of the peneitentional imprisonment he has
778 3594 2494 3782 authority to inflict over and above the pennance for
817 3785 1066 3858 a week
791 3785 2558 3994 three days which he shall not on any account be thus
2273 3910 2589 3983 remitted _
