2731 4096
2499 145 2551 189 **<SUB>** C
246 232 1901 416 Offences against the external Security of the State
221 504 1946 599 in the second instance to any state which has jurisdic:-
1274 600 1669 669 that is, whether
210 660 1935 762 -:tion over him by any other means: by means of affec:-
373 783 841 863 of of
203 836 1142 945 -:tion, residence or possessions.
547 1027 1928 1101 Now let us consider the case when the state of which
215 1178 1920 1268 the party injured is a member is at enmity with ones own
206 1321 1873 1418 state: for hitherto it has been taken for granted to be in
212 1485 1927 1606 amity. In this case it might seem at first sight that he
214 1649 1891 1739 were altogether out of its protection and that there could
217 1812 1931 1907 be no reason for punishing any injury that may have
218 1972 1933 2088 been done to him. In fact however the same motives of
214 2129 1911 2275 humanity and political prudence which dictate the prop:-
218 2297 1922 2430 -:riety of giving protection to a foreigner in amity may
205 2469 1913 2570 plead in favour of an enemy with respect to all evils
226 2626 1933 2750 besides what it may be necessary to inflict upon him
219 2780 1944 2902 for the purpose of the war. After these exceptions there
225 2974 1978 3077 seems to be no reason for treating him upon a footing in:-
1873 3085 1960 3153 it
208 3119 1937 3258 -:ferior to that of a subject. After these exceptions be
252 3217 1133 3302 is our business to protect him
569 3448 662 3466 our
223 3451 1857 3579 sake, for one's own. See Tit: [Crueties to Animals].
1436 3666 1550 3686 even
433 3662 1970 3793 In some particular cases there is occasion for affording
217 3802 1999 3953 a higher degree of protection to an enemy than even
1819 3917 1931 3987 to
