2731 4096
1006 232 2073 377 Of Personal Insults.
843 521 2555 625 to gratify your passion, it is evident that it was in the way
837 709 2531 813 of bodily pain that you meant to make him suffer: if only
836 882 2576 995 by spitting in his face or by a slight kick, it is plain that
838 1056 2536 1164 it was not in the way of bodily pain that you meant
829 1250 2209 1350 he should suffer, but in the way of disgrace.
1125 1409 1870 1569 Justifications are
881 1654 2556 1781 1. Consent. 2. Domestic power. 3. Military power. 4. Judicial
838 1834 1601 1925 power. 5. Sovereign power.
1308 1975 1802 2091 Punishment.
942 2126 2553 2269 If any one offer to another a personal Insult, his punish:-
851 2316 1612 2408 -:ment may be as follows,
941 2463 2556 2583 1. He may be punished as for a Simple Personal Injury.
1622 2599 2051 2688 implore forgiving
919 2633 2533 2740 2. He may be made to ask pardon in a manner more or
1032 2786 2526 2924 less public and with ceremonies more or less humiliating.
987 2902 1394 2970 In ordinary cases
923 2960 2577 3156 3. He may be banished from the presence of the party injured.
1341 3138 2561 3275 Aggravations. Confer Defamation on
2199 3236 2499 3308 Vituperation
1119 3362 2563 3463 A personal insult offered to any one in the presence
863 3542 2566 3642 of a third person is more injurious to him than when offered
864 3718 1403 3780 to him when alone.
1126 3876 2513 3997 A personal insult that is offered to any person in
2457 3962 2547 4002 the
