2731 4096
868 68 972 135 C
202 139 1818 276 Of Injuries to the Liberty of Locomotion.
351 225 2183 405 Of Unlawful Exclusion Banishment
847 490 1680 607 An exclusion Banishment
495 600 1864 701 Unlawful ^ Exclusion is where without lawful
295 711 1451 804 (A) (B) (C)
212 774 1872 896 cause a man is concerned in excluding another from
362 892 1418 995 (D) (E)
200 960 1542 1070 any place. in which he has a right to be.
790 1125 1167 1253 Exposition.
220 1273 1908 1453 [(A) Lawful cause] For Justifications See Tit: [Justifications]
325 1478 1488 1571 From N. 3 below Co-offenders
235 1495 1807 1650 [(B) Concerned] See Tit: [Of Associates in Delinquency ]
228 1703 1928 1851 [(C) Excluding] See Unlawful Confinement sub verbo [Con=­
203 1859 828 2003 ­fined] Art: 1, 2, 3.
189 2046 1888 2217 [(D) Place] See Unlawful Confinement; sub verbo [Place]
183 2228 2035 2384 Art.2 To No II
365 2354 897 2422 From N. 1 above
188 2378 1914 2565 [(E) Right] 1. It matters not by what title the party has
206 2621 1877 2713 right to be in the place or spot in question: whether as
211 2796 1890 2900 being his own, or by sufferance from another owner;
200 2944 1886 3096 or as being an unappropriated spot belonging to the Pub:-
201 3162 1139 3278 -:ic for instance, an highway.
201 3288 1887 3416 2. It matters not whether he have right to be there
203 3437 1895 3598 at any other time; so he have right to be there at the
211 3678 1516 3754 particular time at which he is excluded.
1631 3706 2103 3779 To No 4 above
1517 3775 1981 3875 Extenuations
417 3824 1840 3980 The Punishment, Aggravations and ^ Excuses
1724 3953 1880 4001 are
