2731 4096
173 256 2133 399 Of Offences against Reputation in general Diss.
141 520 1883 638 place it is likely to spread more readily to be circulated among
162 711 1883 813 a greater number of people in the first case than in the latter.
153 864 1881 1029 But the more generally interesting (whether from the quality
164 1076 1886 1191 of the persons, the singularity of the incidents or in short from
169 1264 1862 1395 any other cause,) the scandal is likely to be, the more it will
164 1449 1864 1572 spread when conveyed only from mouth to mouth: it will
520 1569 657 1630 indeed
172 1635 1868 1735 also spread the more on the same account when conveyed
161 1817 1864 1928 by permanent signs; but hardly in the same proportion.
1430 1948 1738 2014 communicated
170 2003 1890 2125 If it be very interesting indeed it may be spread in the former
664 2121 1527 2191 in such a degree as to be communicated
638 2161 1928 2244 in such a degree as to be communicated
178 2227 1898 2332 of these ways to all the people whom the person defam:­
181 2398 1909 2492 ­:ed will ever have to deal with, and in that case it cannot
170 2520 555 2602 in the other way
169 2590 1922 2693 spread farther, at least, so as to hurt him more, in the other
1604 2711 1787 2777 modes
1568 2774 1798 2827 methods
185 2795 1928 2928 way. The proportion indeed between these two ways in point
187 2989 1916 3125 of publicity is very difficult to ascertain: it must vary in
185 3206 1888 3325 different Countries and in different classes of persons in
179 3415 1867 3515 the same country. It will depend in a great degree on
193 3583 1930 3695 the proportion between the numbers of those who can read
195 3796 1923 3921 and of those who cannot read among the persons whom the
1708 3912 1894 3999 party
