2731 4096
461 241 1337 421 Of Theft or Stealing.
191 502 1912 617 the offender shall be scorched with fire, till the fat of his body drop
203 677 1927 838 into the fire. This may be done once or oftner. As his crime was
198 833 1926 969 inhuman so shall his punishment be terrible. By fire he sinned,
197 1065 1025 1140 by fire he shall be tormented.
708 1244 1212 1344 Aggravation IV.
791 1424 885 1482 (A)
313 1446 1798 1564 4. When Advantage is taken of the calamity of Shipwreck.
249 1694 1569 1816 [(A) Advantage] See Aggravation III. eadem voce.
535 1921 1930 2030 In this case over and above the ordinary punishment,
211 2107 1893 2206 the offender shall be drowned recoverably or irrecoverably. If recoverably
193 2270 1928 2409 it may be done once or oftner. Through water he sinned;
205 2482 1418 2572 through water he shall be tormented.
731 2651 1221 2773 Aggravation V.
332 2866 1932 3005 5. Where the thing is taken by means of Threats. See Robbery.
219 3065 382 3153 :bery
852 3096 1401 3262 Aggravation VI.
351 3360 1922 3500 6. Where the thing is taken from a Place of divine Worship.
210 3583 830 3742 See Sacrilege.
1581 3882 1905 3961 Excuses.
