2731 4096
314 226 1519 380 Offences against Justice.
151 483 1901 593 a Judge must possess in order to his carrying into execution
137 608 1923 741 the intentions of the Law, the impediments by which this pow:-
132 766 1857 895 -:er may be taken from him + may be applied either to his
141 971 1911 1070 own person or to other objects on which it is requisite such
133 1109 912 1204 power should be exerted.
1167 1269 1245 1319 **22** 27.
423 1291 1871 1412 Impediments by the application of which to the very
139 1471 1900 1574 person of the Judge this effect may be produced will consist
156 1589 229 1640 in
154 1643 1902 1750 of so many kinds of personal injuries: to wit Homicide,
146 1795 1857 1907 Disablement and Confinement, corresponding to the three
152 1974 1877 2077 ways in which such Power may be taken away from
153 2153 1929 2271 him by mere physical applications, without any change
145 2321 1877 2440 made in the bent of his inclinations; to wit by killing,
135 2471 1219 2603 by disabling or by confining him.
1076 2636 1155 2685 28
437 2661 1913 2827 Impediments that operate by producing a change
154 2835 1924 3001 in the condition of objects other than the person of the Judge
157 3036 1910 3176 may regard the condition either of the objects themselves
1508 3161 1582 3248 of
161 3192 1910 3318 which it is his business to dispose of, or the persons or
163 3375 1905 3489 things whose instrumentality is necessary to his making
157 3539 667 3614 such disposition.
1067 3605 1187 3708 29
364 3661 1882 3794 The objects themselves which it is his business to
169 3833 1905 3960 dispose of will either be persons or things [persons when
1776 3937 1874 3987 the
