2731 4096
1475 48 1582 122 C
816 113 2054 269 Of Injuries affecting loco-motion
113 81 298 143 <gap/> 2
454 205 2411 399 Of Banishment Of Unlawful Exclusion.
838 472 2510 654 are the same as in the case of Simple Personal Injuries,
831 690 1151 773 which See.
1198 861 1602 937 Observations
1084 1054 2539 1152 This offence is the counterpart to that of Unlaw:-
822 1244 2566 1340 -:ful Confinement . Indeed in a strict metaphysical point
1197 1381 2175 1451 description would be
825 1431 2508 1539 of view the nature of the two offences is the same ; since in
1313 1565 1999 1650 description of the two d
826 1616 2560 1716 each case the whole globe is isn a manner divided into
828 1804 2528 1900 two districts, in one of which the party is compelled
838 1996 2562 2094 to be; in the other not to be. In this point of view it is
837 2196 2567 2291 confinement in both cases : if a man is compelled to
1126 2326 1380 2376 a certain
835 2391 2535 2481 stay in the same house he is confined to that house;
2113 2513 2449 2572 wherever else
838 2585 2550 2690 if he is excluded from it and left to go where he pleas:-
834 2779 2496 2888 -:es, he is confined to the whole surface of the globe
854 2963 2503 3080 except that house. But this phraseology is by no
2301 3139 2528 3209 according
851 3165 2574 3263 means conformable tothat in common use; on common
859 3298 1073 3347 to which
815 3350 2567 3479 speech a man is not said to be confined to any place,
854 3538 2605 3662 unless it be less than the space which is left free to
858 3715 2554 3838 him. On this account the offence in hand could scarcely
2375 3858 2546 3914 have
