2731 4096
2481 59 2567 109 13
2451 99 2537 167 13
175 239 2143 420 Of Offences against Reputation in general Diff..
162 518 1776 634 less degree in proportion to its ingenuity. The demerit of its
1411 631 1561 721 therefor
159 701 1823 788 composition considered in a moral view will be as its merit
662 765 1603 869 that is, in an intellectual point of view
167 870 1066 975 considered in a literary view .
496 1046 1848 1171 Be the stile of it what it may, it will be rendered
155 1268 1864 1359 more mischievous by being set to Music. For by this means
168 1440 1850 1547 it may be rendered still more agreeable, and thence too, still
165 1630 1532 1721 more easy to be apprehended and remembered.
398 1841 1845 1935 Upon the whole then it appears that the last mis:­
168 2024 1861 2144 ­:chievous attack upon reputation is by defamation unaccom:­
172 2207 1852 2297 ­:panied by reproach in plain prose communicated as in
173 2390 1860 2503 an ordinary Letter to the party defamed and to him only:
192 2661 1846 2779 And that the most mischievous is by defamation blended
195 2850 1866 2938 with reproach, composed in metre, in an ornamented stile,
183 3025 1855 3144 printed, indiscriminately published and set to music.
185 3183 1607 3330 The most mischievous of all Libels is a ballad.
439 3424 1875 3540 It seems in general to be true that a man of higher .
206 3631 1924 3736 rank will be somewhat more hurt by an attack upon his reputation
193 3812 1884 3930 than a man of lower rank in life. But the diffe:­
1699 3952 1853 3977 :rence
