2731 4096
1026 228 2252 357 Of Offences against Property
685 176 2583 464 Theft Embezzlement and Fraudulent obtainment
750 530 2552 625 the same. It is however manifestly not Theft but
763 724 2536 827 Fraudulent obtainment according to the only notion
761 908 2521 1015 that can be assigned to that phrase distinct from the
746 1070 2564 1196 notion of Theft. and of embezzlement. Now in these _
765 1288 2498 1382 two cases too what difference is there in the demand
763 1482 1312 1585 of punishment.
