2731 4096
471 221 1417 376 Offences against Justice.
158 438 839 509 can happen to them is, to
162 495 1104 620 is that they should be forgotten.
372 700 1895 831 1. Means by which he may come to fail in
508 840 1383 975 point of Knowledge.
1067 1028 1258 1098 14 <gap/>
499 1117 1930 1275 Let us first consider the ways in which the purpos:­
1118 1275 1789 1360 by a failure in point of
133 1321 1903 1434 ­:es of Justice may be frustrated through want of knowledge
248 1414 531 1481 part of the
151 1457 2227 1575 on the Judge. or through false knowledge: ie. mis-supposal
313 1551 1890 1681 The knowledge here meant on the part of the judge is the
146 1728 1916 1834 knowledge of those circumstances the existence of which is requisite
152 1884 1678 1958 to warrant the conduct eventually observed by him.
341 2009 1935 2137 These circumstances must be either matters of Law or mat:-
160 2174 1375 2338 -:ters of fact. See Tit: Of[Justifications]&c
1015 2287 1192 2342 14 15
301 2304 1922 2432 Such of them as are matters of act must be circumstanc:-
1650 2466 1934 2502 extenuation ,
163 2487 1952 2587 -:es either of crimination, justification, aggravation or excuse. See
173 2585 642 2655 or exemption. See
168 2633 1088 2738 again Tit. Of Justifications &c.
1092 2714 1209 2796 16
265 2772 1917 2904 A failure on the part of the Judge in respect of any of these
154 2944 1905 3055 points of knowledge must ensue either from his own fault
173 3095 983 3203 or form the fault of others.
1133 3253 1188 3362 17
432 3307 1944 3449 When the deficiency ensues then from the fault of others, it
179 3484 1930 3599 is owing to the suppression of some facts of which [information
176 3641 1931 3752 ought to have been given to him] some person or other stood bound
169 3795 948 3923 to give him information.
1556 3812 1764 3961 This
