2731 4096
414 214 1614 357 Of Offences against Property
126 128 2378 462 Theft Embezzlement and Fraudulent obtainment
160 451 1597 561 slight circumstance p
132 516 1882 669 ^ may be sufficient to destroy this presumtion,^ any
153 666 1955 821 Circumstance for instance which indicates his hav=­
130 876 1978 1055 ­=ing been anxious to acquire the thing or to preserve
158 1044 1362 1191 it. Else wherefore was he anxious?
1438 1217 1590 1274 that
426 1212 1962 1378 If an offender at the same time ^ he steals em:-
144 1396 1958 1551 -:bezzles or fraudulently obtains a thing which he has a mar:-
149 1569 1928 1717 -:ketable value and of the value of which he is conscious
151 1733 1930 1932 steals embezzles or fraudulently obtains anything
169 1930 1939 2085 which is not of marketable value or of the value of
155 2092 1948 2282 which he is not conscious he shall be punished as if
1710 2271 1941 2364 confined
158 2319 1980 2476 the latter were of marketable value equal to its peculiar
155 2485 1871 2676 value and as if he were fully conscious of it's value.
169 2678 1905 2851 If a man will seek to profit himself by dishonest
166 2869 1908 3049 practices let him at any rate do no more mischief
160 3051 1939 3242 than is necessary to (effectuate <gap/> purpose) answer
184 3281 657 3340 his own ends
