2731 4096
764 273 2381 432 Offences against the external Security of the State
913 552 2514 646 Now then, first let us consider such acts as are detri:-
737 691 2503 828 -:mental to the foreign state by being injurious to particu:-
746 848 2457 950 -:lar individuals that are members of it. The degree in
760 1027 2500 1134 which one's own State is looked upon as responsible for such
760 1214 2523 1305 Acts and consequently the danger with which they threat:-
759 1366 2399 1458 -:en it, will depend a good deal upon the place in
763 1529 1575 1606 which they are committed.
1058 1683 2539 1810 This place will either be within the dominions of
769 1860 2455 1957 one's own state or not; if not, it will be either within the
771 2019 2528 2110 dominions of some foreign state or a vacant spot not with:-
2098 2140 2254 2184 latter
762 2169 2546 2277 -:in the dominions of any state; and in this case it will be
757 2333 1393 2407 either on sea or land.
1039 2502 2475 2619 Again: the state of which the party injured is a
774 2698 2526 2772 member may either be at amity or at enmity with one's own
772 2851 2512 2948 state, and in either case he may be a privileged person or
778 3002 2517 3113 not. What is meant on this occasion by a privileged person
780 3177 2564 3279 we shall see presently. Both these circumstances may have
778 3344 2519 3436 a material influence on the degree in which one's own state
779 3504 2410 3614 may be exposed to the resentment of the injured state.
954 3683 2522 3787 When the place in which the injurious Act is committed is
784 3860 2533 3945 in the dominions of one's own state there can be no doubt a:-
2351 3944 2578 4012 -:bout
