2731 4096
250 204 1761 377 Of Unlawful Reproach _
407 403 1842 528 Defamation, when delivered before indifferent persons,
216 500 1869 598 is in genreal apt to be more mischievous than when deli:­
183 659 1836 780 ­: vered before his firm friends or determined enemies. As
172 850 1888 972 to his friends, if they are zealously his friends, in the first
189 1046 1860 1172 place they will not give credit to the imputation till they
189 1230 1866 1348 have heard what he has to say to it: in the next place
186 1406 1870 1537 they will defend him against it in the mean time be:­
188 1594 1858 1719 ­:fore any other persons that may be present: (a) thirdly they
190 1797 1892 1927 will advertise him of it in order to enable him to de:­
174 2009 1872 2127 ­:fend himself more effectually than they can do. Fourthly,
198 2204 1839 2308 Even though it should be conveyed to them in so artful a
178 2407 1844 2484 manner as to induce them to believe it, it will rest with
157 2591 1879 2700 them; they will not be instrumental in spreading it a:­
157 2793 1882 2920 ­:ny farther. With regard to enemies, the mischief is done
181 3003 387 3121 already.
369 3128 1859 3271 If indeed the defamer will carry his Malice so far
174 3308 1888 3453 as to accompany his defamations with expressions of feigned
171 3515 1895 3650 regard, by this means he is more likely to gain credit with
1657 3632 1932 3697 indifferent
841 3680 1013 3755 Note.
166 3745 250 3804 (a)
455 3809 1073 3873 Absentem rodit amicum
457 3898 1401 3979 Qui non defendit, alio culpante. Hor.
