2731 4096
1076 220 2251 390 Of Personal Insults .
830 497 2512 590 6. Multitude of the Offenders. 7. Premeditation . 8. Special Da:-
808 696 1491 786 -:mage as in Defamation.
1244 932 1603 1018 Excuses are
837 1120 2490 1208 1. Innocence of Intention. 2. Intoxication. 3. Compulsion. 4.
811 1281 2492 1381 Deference to Authority. 5 Provocation, as in Simple Personal
815 1457 1434 1562 Injuries: which See.
1148 1589 2091 1719 Instructions to the Judge.
950 1784 2519 1934 Let it be the anxious care of the Judge that at any rate
816 2009 2535 2105 the triumph be not on the side of the injurer, but on that of the
806 2170 1207 2291 party injured.
983 2328 2535 2424 The more ridiculous the light is in which the party injur:-
814 2512 2528 2602 -:ed was placed by the Offence, the severer ought to be the
818 2630 2551 2761 punishment, and the severer the countenance of the Judge to:-
826 2817 2539 2930 -:wards the Offender. If in the course of the proceedings he ei:-
778 2951 2544 3102 -:ther indulges himself or suffers others to indulge themselves,
834 3142 2532 3261 in ill-timed pleasantry at the expence of the party injured,
838 3320 2525 3443 he is the accomplice of the Offender not the Minister of
844 3517 1061 3585 Justice.
1056 3551 2543 3655 When from that seat which ought to be the foundation if
1028 3635 2544 3731 When men cannot obtain Justice it falls upon the Con:-
826 3712 2492 3802 Justice, men receive insult instead of justice, it falls upon the
1534 3752 1975 3791 with this aggravation
1287 3770 2306 3848 by whom it has thus been <gap/> to them
739 3815 2507 3921 -:science of him who denied it them if they seek to execute it
862 3920 1285 4035 of themselves.
