2731 4096
779 233 2485 393 Offences against the National Interest in general.
811 516 2510 629 of being treasonable, if the nature of them be purposely conceal:-
778 689 2466 812 -:ed. It is analogous to Bribery, which in certain cases as:-
790 886 1559 979 -:sumes the tint of Treason.
1355 2130 1887 2188 NOTE continued
854 2194 2459 2298 Among the men of letters to whom Lewis 14th gave
771 2314 2449 2419 pensions for having benefitted or being supposed to
803 2456 2481 2554 have benefitted mankind by their writings were seve-
805 2555 2483 2702 -ral who were not his subjects.+ Catherine 2d of
810 2711 2436 2826 Russia is said to have bought the library of
811 2841 2513 2932 M. Diderot, a French man, at his own price, and
814 2948 2498 3084 to have given him the use of it for his life.||
