2731 4096
664 211 1378 340 Of Things found
167 228 2151 452 Theft Embezzlement and Fraudulent obtainment
201 573 1947 706 circumstances not grounded on or occasioned by any
190 789 1946 908 default or contrivance of his even if only it appears
201 977 1347 1075 that he could not have taken notice
479 1147 1905 1292 To prevent malicious contrivances, a person
194 1409 1931 1529 applying for liberty to give such notices should be ob=-
149 1604 1939 1733 -=liged to make oath that he knows not, and that he be=-
176 1799 1927 1912 -=lieves no one interested in the goods in question knows
608 1927 1729 2014 were possession or
187 1972 1969 2125 by whom they are taken, or in whose custody they are.
321 2166 1955 2359 If having received a thing and being bound to return
198 2412 1927 2498 it or deliver it to another you convert it to your own use or
1768 2565 1821 2594 a
200 2578 1928 2724 instead of the whole or any part of it knowingly delivers ^ thing
189 2756 835 2816 which he knows to be
128 2782 1934 2971 ^ of inferior value this is embezzlement to the amount of the
208 3026 1042 3122 difference in point of value
328 3196 1941 3337 As if a miller having corn delivered to him to be
196 3401 1967 3535 ground reduced to flour gives back only a part of it in flour
189 3606 1501 3750 or gives the flour of bad corn instead of it
260 3807 1944 3952 In regard to fraudulent obtainment it matters not in what
1700 3907 1953 3942 manner
