2731 4096
435 209 1350 391 Of Theft or Stealing.
1642 535 1738 607 (A)
521 562 1850 692 Theft or Stealing is where a man is concerned in
231 724 1864 828 (B) (C) (D) (E) (F)
136 775 1817 892 taking any thing that possesses a Value worth regarding knowing
1533 918 1655 998 (G)
143 988 1851 1075 that it possesses such a Value and that he has no right to be concerned
1255 1101 1430 1181 (H)
142 1169 1878 1304 in taking it, intending to dispose of it to his own purposes
946 1301 1047 1391 (I)
136 1354 1567 1445 and not to be amenable for it to the Law.
744 1518 1096 1623 Exposition
136 1681 1390 1837 [(A) Concerned] See Tit. [Of Co-Offenders.]
123 1860 1873 2012 [(B) Taking] It matters not in what manner he takes it; whether
153 2084 1867 2208 he takes it and carries it away or takes it by using it as it stands.
497 2266 1860 2376 It matters not by what means; whether by the exertion
149 2453 1838 2559 of his own unassisted powers either of body or mind or by
154 2625 1871 2743 the instrumentality of any other agent rational, irrational or unanimated:
138 2763 1870 2908 if it be a dog for instance that he has taken, whether
160 2974 1858 3094 he induced the animal to follow him by invitation, or took it
160 3140 1862 3258 up in his arms, or, pretending it to be his own, get another
154 3331 1853 3438 man to carry it for him, or cause another dog to drag it after
155 3500 899 3613 him, or led it by a halten.
160 3656 1869 3802 [(C) Thing.] It matters not whether before it was taken it were
170 3872 1897 3985 of the number of things moveable or of the number of things immoveable
