2731 4096
1118 224 1868 323 Of Things found
743 229 2566 426 Theft Embezzlement and Fraudulent obtainment
759 550 2480 692 manner the suggestion is made, whether by discourse
1750 724 1917 800 silence
740 786 2478 899 by signs and gestures or even by instance , where the fact
749 949 2496 1088 which induced the other party to deliver the thing obtained
749 1124 2505 1242 would be presumed unless it were disaffirmed by the offender
921 1286 2532 1441 Accordingly cheating a person out of money or moneysworth
742 1455 2547 1616 at any game or wager of sport is fraudulent ontainment
923 1714 2532 1859 It is done by the violation of a tacit promise and assertion
744 1885 859 1936 upon
731 1908 2540 2061 the faith of which the other party subjected himself to forfeit
747 2111 2537 2275 the stake in question upon the contingency which hap=-
749 2351 947 2453 -=pened
923 2521 2584 2688 As if the stake depended upon the cast of a die One fact
938 2711 983 2762 is
697 2716 2533 2867 which presumed between two persons who play with dice
747 2911 2541 3067 is that neither party shall use or has used any sort of art
755 3126 2546 3271 to make the dice turn up one way rather than another.
754 3344 2563 3501 If then any such art be employed the not discovering it
757 3582 2502 3731 but demanding or receiving the stake which by the terms
749 3753 2509 3920 of the implied agreement was to be paid only in case the
2331 3911 2536 3954 dice -
