2731 4096
349 219 1733 438 Of Simple Personal Injuries.
582 616 1878 735 A Simple Personal Injury is where without law:-
391 761 1361 850 (A) (B) (C)
170 792 1881 924 -:ful cause a man is concerned in occasioning bodily pain or un:-
312 938 447 1007 (D)
171 980 1852 1104 -:easiness to another without occasioning or intending him any
307 1134 417 1204 (E)
177 1165 1889 1298 farther corporal mischief; or knowing him to be in immedi:-
394 1315 1708 1402 (F) (G) (H)
166 1361 1843 1478 -:ate danger and being bound to assist him forbears giving
197 1548 620 1653 him assistance.
756 1634 1166 1734 Exposition.
235 1828 1578 1966 [(A) Lawful cause] See Tit. [Justifications] infra.
219 1974 1460 2146 [(B) Concerned] See Tit. [Of Co-Offenders].
189 2182 1864 2345 [(C) Occassioning] It matters not by what means the harm or
218 2412 1906 2532 uneasiness be occasioned; whether by beating for instance or whip:-
174 2558 1913 2696 -:ping or wounding with or without an instrument; or by a Stream
202 2779 1917 2887 of fire, water, air, or light; or by presenting a loathsome object
217 2923 1901 3064 to the touch, taste, smell, hearing, or sight; by forcibly adminis:-
221 3120 1889 3253 -:tering a drug producing any bodily indisposition; by making
225 3340 1903 3449 a dog or other animal serve as an instrument of mischief: Or
227 3476 1902 3641 by false representations or other Artifice making an innocent per:-
232 3694 1897 3817 -:son or the party himself answer that purpose; for instance by
252 3855 1932 3969 persuading him to walk into a snare, or to take an unwholesome
1767 3922 1918 3994 drug
