2731 4096
170 276 1839 420 Offences against the external Security of the State
356 472 1827 608 The case of an act committed to the prejudice of a foreign
124 633 1887 766 state in its political capacity is a business of still greater de:-
127 787 1914 903 -:licacy than any which have yet been mentioned. the most
1691 897 1909 927 common
838 942 1003 997 Note
144 1063 1914 1173 frequently committed, is far enough as yet from being deter:-
125 1208 1839 1290 -:minate. This may be observed from the preceding definition,
149 1337 1853 1423 which however loose as it is, is as precise as any which the
145 1463 1849 1582 idea commonly annexed to the word Piracy seems to admit
145 1594 1846 1719 of. How long for instance must the offender or offenders have
143 1726 1833 1851 quitted the sea? It is necessary or not that they should re:-
133 1870 1905 1990 -:tain the intention of going to Sea again? What are we to
154 2028 1866 2158 say when the offence is committed on a vacant spot of land,
157 2179 1873 2299 in a country not understood to be within the dominions of
156 2321 1848 2449 any State? Is this Piracy or not? A party of English
145 2494 1826 2591 for instance and another of Spaniards meet in some
163 2641 1815 2749 inland part or other of the wilds of America which is
156 2775 1843 2880 not understood to be comprised within the limits of either
155 2946 1885 3054 the English or the Spanish colonies. The one part attacks
160 3104 1887 3205 and plunders the other. Would this be Piracy? I sup:-
161 3272 1890 3380 -:pose not: because not committed ein or near the Sea.
167 3431 1879 3537 It seems however to be pretty much of the same nature.
239 3516 1856 3629 To p. 29. par. 3. In the original etymology of the word, there is nothing
166 3598 1875 3678 that confines the scene of action to the Sea. And by the bye, what
167 3681 1875 3758 is more, neither is there any thing that serves to rank the act in
162 3767 1903 3849 the number of those which are deemed fit to be made offences: there
163 3841 1964 3910 is nothing which serves to mark it with the stamp of disapprobation.
171 3906 1975 4015 Language was formed, in many parts of it, before men's ideas of justice
