2731 4096
445 214 2286 400 Of Unlawful Threats Menacement .
1465 383 1880 447 Offences against the Person,
171 412 1855 508 N.B. 15 Aug. 1810. Menacement , if simple, belongs to Simple Personal
244 458 1811 581 injuries : if conplete with insult to Offences against person and
272 580 489 644 reputation
1073 599 1473 652 Menacement
514 636 1860 746 An ' Unlawful Threat is where a man is
483 747 1022 829 (A) (B)
186 800 1867 920 intentionally concerned in giving You reason to
408 906 1717 973 (C) (D)
172 950 1891 1058 apprehend that by his means some injury will
173 1130 742 1206 be done to You.
799 1243 1183 1340 Exposition.
1071 1377 1132 1453 1
165 1385 1928 1541 [(A) Intentionally] That is when his intention is, not
383 1528 2105 1647 do such acts as eventually prove the means of terrifying you ,
168 1603 1895 1697 only to act in such or such a manner, but to pro:­
173 1757 955 1832 ­:duce that very effect.
1020 1816 1101 1885 2
1191 1873 1591 1954 Co-Offenders]
160 1891 1916 2064 [(B) Concerned] See Tit: Of Associates in Delinquency ]
1035 2034 1108 2100 3
166 2086 1779 2212 [(C) Reason to apprehend] 1. It matters not in
181 2283 1893 2403 what way the threat is expressed ; whether for in:­
169 2436 1853 2565 ­: stance in language as by speaking writing or
155 2606 1861 2709 printing ; or by gestures ; or by emblematical or
190 2776 1890 2871 imitative representations ; as by saying that You
192 2935 1866 3043 will beat him , or shaking your fist at him: or
170 3093 1866 3192 presenting a pistol at him ; or drawing his por:­
185 3253 1889 3370 ­:trait hanging, intimating withal that through your
194 3331 1056 3416 means, such will be his fate.
1014 3386 1097 3477 4
219 3481 1886 3569 It matters not whether the Threat be addressed to
194 3632 1853 3721 the very person threatned or to any third person .
1022 3734 1108 3807 5
319 3822 1856 3895 It matters not whether the Threat be uttered in
1722 3913 1848 3964 the
