2731 4096
972 194 2065 379 Offences against Justice.
1479 410 1579 459 35
823 469 2424 601 Next and Lastly with regard to such changes as (in the
709 649 2447 753 course of Law] are to be brought about in the condition of
698 825 888 927 things.
895 872 2439 988 The things of which there may be occasion to make
704 1037 2433 1131 any disposition in the course of Justice may either be the
714 1127 1210 1195 things which are the
687 1187 1502 1296 subjects of the suit, or not.
1493 1273 1590 1338 36
892 1318 2468 1422 As to such as are not subjects of the suit, if there be
709 1479 2472 1598 occasion to make any disposition of them it will be ei:-
730 1651 2494 1755 -:ther to the end that they may serve as evidences (viz;
709 1817 2520 1915 to warrant in point of law the doing something with res:-
708 1996 2479 2077 -:pect to persons or with respect to such things as are sub:-
702 2144 2451 2268 -:jects of the suit) or as instruments to facilitate the
707 2293 1601 2438 making such disposition. +
