2731 4096
194 279 1900 421 Offences against the external Security of the State
171 517 1897 665 can affect him: provided that those possessions can be seized.
186 691 1919 802 4. As to punishment by reason of religion. The circumstance
189 875 1899 962 of your being perswaded that it is in the power of another
182 1019 1926 1127 man or a set of men to subject you to punishment in a fu:-
182 1191 1910 1290 -:ture life gives that man or set of men a means of influ:-
192 1353 1889 1473 -:encing your conduct in as far as the apprehension of
194 1519 1897 1616 any such punishment can affect you: and this must be
173 1678 1857 1795 the case as well in one part of the globe as in another.
466 1863 1912 2008 It is evident that these four different jurisdictions
190 2039 1871 2164 may be possessed by four different states: a man may
191 2190 1914 2319 therefore be to a certain degree under the jurisdiction of four
196 2368 1903 2462 different states at once. He may in truth be under the
168 2517 1905 2618 jurisdiction of any number of states at once: since he
201 2693 1944 2799 may have his reasons for wishing to reside at different
166 2845 1903 2956 times in the dominions of different states; and since his
190 3011 1937 3112 possessions may be scattered within the dominions of diffe:-
185 3197 1471 3273 -:rent states at one and the same time.
451 3367 1942 3492 Of all these kinds of Jurisdiction the most coercive
308 3488 1872 3564 commonly Because
209 3539 1939 3667 is effect be that which results from residence. 1. The Punish:-
207 3690 1946 3801 -:ments which constitute this species of Jurisdiction being the
208 3854 1946 3955 most operative. 2. Because to this the other jurisdictions are
1555 3931 1906 3987 commonly at
