2731 4096
903 269 2538 402 Of <gap/> <gap/> Menacement
817 585 2440 692 the presence of the person threatened or in his
809 740 1068 821 Absence.
1600 808 1698 901 6
785 867 2487 1018 [Injury] 1. There are therefore as many different
1298 984 1485 1035 threats
819 1073 2510 1181 sorts of threats as there are of injuries.[Then
814 1167 2502 1244 exhibit or refer to a catalogue of the several sorts of injuries
821 1222 1682 1309 recognised as such by the Law.]
1632 1271 1710 1352 7
812 1295 2530 1418 2. With regard to the nature of the injury it is plain
796 1460 2471 1564 that a threat may be altogether unliquidated or
793 1607 1627 1704 more or less liquidated.
1563 1677 1642 1752 8
1952 1717 2185 1789 altogether
881 1738 2527 1862 It may be altogether said to be un-liquidated when
806 1900 2488 2015 no intimation at all is given of what kind the injury
787 2053 2465 2156 shall be: as if you were to say to your
802 2194 2516 2285 adversary I will take care that You shall bitterly
797 2359 2473 2475 repent the having done so or so; or, You
807 2520 2488 2615 shall surely rue the day when You did so or so.
1500 2631 1584 2707 9
875 2687 2526 2797 It may be said to be more or less liquidated when
809 2844 2503 2961 an intimation more or less particular is given of
812 2995 2535 3094 the kind of injury intended; as if you were to say
809 3145 2534 3249 to your adversary; that carcass or that House of
796 3302 2528 3399 yours shall pay for this; or depend upon it, before
818 3459 2521 3570 it is long I shall give You a sound drubbing,
814 3616 2560 3717 or I will be sure to beat You the first
797 3800 1698 3899 time I get You alone.
2344 3890 2451 3971 3.
