2731 4096
470 229 1421 384 Of Theft or Stealing
180 548 1317 642 To make use of it as a piece of paper.//
202 713 1841 887 [(a) Right] 1. In some circumstances a Man has a right to take
181 937 1888 1072 a thing and even convert it to his own use if he finds it. See Tit. [Of
188 1144 547 1244 things Found].
495 1259 1874 1377 2. A man cannot be said to know that he has no right
194 1476 1847 1559 to be concerned in taking a thing, if he has or believes he has the leave
187 1652 1830 1750 or permission of any person who has, or whom he believes to have, a
182 1836 1897 1977 right to give him leave to do so. For instance an owner himself, or any
189 2016 1896 2146 Wife, Child, Parent, near Relation, Guardian, Agent, Servant, or inti=­
207 2215 1874 2335 ­:mate Friend, in cases in which they appear to him to act with
196 2395 1913 2539 permission of the owner: whether that permission be tacit
215 2597 468 2689 or express.
426 2719 1894 2832 3. It matters not whose property the thing is; whether the
204 2859 1890 3021 property of an individual, of a private company even in which he has
230 3114 1798 3210 a share, of a public Corporation, or of the State.
254 3285 1904 3365 [(H) Dispose] 1. It matters not in what manner he intended
1793 3376 1899 3419 to
804 3429 1010 3546 Note.
278 3567 1887 3710 // In conformity to the general Rule [See Ch. of Promulgation]
237 3775 1928 3881 this paragraph perhaps might be omitted out of the popular part of the
234 3902 1835 4003 Code, and inserted only under the Head of Instructions to the Judge.
