2731 4096
868 259 2518 406 Offences against the external Security of the State
833 492 2544 600 3. Jurisdiction by reason of possessions. 4. Jurisdiction
828 641 1486 736 by reason of Religion.
858 835 2500 934 1. As to Jurisdiction by reason of affection to a place.
822 991 2545 1086 The circumstance of a man's having an affection to any place
828 1162 2481 1244 within the dominions of his own state gives that state a
825 1292 2582 1395 means of influencing his conduct in as far as banishment
821 1458 2562 1547 from that place happens to be a punishment to him. Now
829 1629 2493 1727 it generally happens that a man's affection for his native
825 1800 2489 1883 soil is stronger than his affection for any other place.
829 1933 2560 2051 Jurisdiction by reason of birth is therefore in general more
833 2082 2576 2191 conspicuous and more coercive than any other kind of juris:-
833 2256 2548 2343 -:diction resulting from affection. In particular cases howe:-
839 2388 1795 2512 -:ver it may prove less coercive.
875 2574 2548 2661 2. As to Jurisdiction by reason of residence. The circumstance
841 2729 2552 2819 of a man's being resident in one's own state gives that state
841 2856 2554 2969 a means of influencing his conduct in as far as any kind
846 3038 2585 3122 of corporal punishment can affect him: provided his person
845 3202 1440 3272 can be apprehended.
856 3353 2578 3470 3. As to Jurisdiction by reason of possessions. The circum:-
844 3536 2537 3634 -:stance of any part of a man's possessions lying within
849 3682 2600 3784 the dominions of the state, gives it a chance of influencing
849 3841 2509 3947 his conduct in as far as the forfeiture of those possessions
2376 3949 2511 3994 can
