2731 4096
504 208 1555 367 Offences against Justice
217 453 1944 553 When given upon oath and known to be false by him who gives
223 588 879 688 it, it is called Perjury.
1132 699 1202 761 24
437 743 1945 834 Where a man uses endeavours to cause You to believe
219 893 1935 976 him to be some other individual, it is Personation. One way
200 1029 1904 1118 therefore of giving false evidence may be by Personation.
556 1279 1900 1431 II. Means by which He may come to fail
870 1427 1720 1538 In Point of Inclination.
1107 1619 1214 1707 25
611 1689 1964 1803 Next with regard to the ways in which the pur:-
1528 1796 2031 1863 on the part of the Judge
1284 1814 1887 1893 by a failure in point
223 1854 1950 1974 -:poses of Justice may be frustrated through want of inclina:-
415 1962 1960 2055 This failure may either be negative or positive: negative
228 2011 1922 2121 -:tion. or as opposite inclination in the Judge to act according
219 2071 1944 2205 when it consists simply in the want of inclination to act pro:-
217 2145 985 2225 to the intention of the Law.
219 2219 1906 2276 -:perly: positive, when it consists in a positive inclination to
244 2262 650 2308 act improperly.
469 2300 1955 2439 With regard to this point likewise a deficiency or im:-
224 2471 1939 2589 -:proper bias may ensue either from his own fault merely
232 2624 713 2718 or that of others.
382 2765 1990 2894 When through his own fault, the evil disposition may en:-
231 2942 1945 3052 -:sue from any of the motives by which human nature is
235 3098 1935 3220 liable to be influenced. When such is the direction given by
237 3267 1899 3373 them to a man's inclination they may be all stiled bad
212 3427 1334 3536 thoughts not equally bad motives.
370 3586 1963 3713 When through the fault of other persons, it is by means
242 3774 1939 3888 of some Motives presented to him by such other persons.
1773 3874 1953 3972 These
