2731 4096
207 266 1882 398 Offences against the external Security of the State.
499 575 1876 698 Offences against the external Security of a State
165 739 1859 812 are such whereof the tendency is to expose the State to suf:-
142 870 1821 960 -:fer at the hands of foreign enemies: This effect may
173 1015 1841 1114 be produced in either of two ways ; 1st. by inducing fo:-
165 1190 1852 1277 -:reign powers who are as yet in amity to become ene:-
165 1340 1865 1430 -:mies: or 2. by doing any thing that lends to aggra:-
174 1479 1874 1598 -:vate the mischiefs which the State is exposed to suffer
171 1678 1529 1757 at the hands of such as are enemies already.
510 1880 1892 1994 As to foreign States who are as yet in ami:-
150 2051 1855 2152 -:ty there are two ways in which a man may draw
149 2220 1880 2304 their enmity on his own : solicitation and provocation;
178 2375 1891 2460 in the way of sollicitation when he acts in the charac:-
183 2531 1839 2630 -:ter of a friend to the foreign power in question ; in
181 2700 1894 2784 the way of provocation when he acts in the character
194 2874 613 2947 of any enemy.
438 3041 1902 3135 In like manner he may draw down on his own
188 3213 1903 3296 State the enmity of another with or without acting in the
191 3378 1860 3466 character of an enemy to his own. When he acts not
195 3534 1890 3625 only in the character of a friend to the foreign state,
187 3702 1897 3797 but in that of an enemy to his own , the bringing on
195 3862 1915 3971 his own state the enmity of the foreign one is the purpose
1785 3942 1938 3987 and
