2731 4096
531 220 1449 391 Of Theft Or Stealing.
827 449 1241 560 Exposition.
580 616 680 686 (a)
195 639 1913 789 [(A)Irreplaceable] A thing may be be said to be irreplaceable in
207 878 1962 968 its own nature when over and above its ordinary saleable or current
222 1065 1973 1167 value, it is of those sorts of things which are likely to have a value
667 1251 707 1296 x
215 1235 1901 1363 from attachment; insomuch that when lost it cannot be made good
221 1438 1931 1541 or replaced by a thing of equal price. As a family picture, a family
210 1634 1935 1726 pedigree, a family monument or other memorial: an unpublished
224 1814 1906 1914 work in manuscript: trees planted for shelter, shade or prospect.
234 1981 394 2087 :pect.
432 2068 1934 2199 In such case an extraordinary Value may be assigned to it
237 2271 1971 2382 at the discretion of the Judge: and in consequence the confinement
233 2437 1935 2601 may be extended to any length of time even so as to be perpetual.
775 2651 1322 2781 Aggravation II.
1625 2879 1731 2940 (A)
291 2864 1733 2991 2. Where the thing taken is irreplaceable by accident.
928 3068 1279 3155 Exposition
279 3212 1973 3356 [(A) Accident] A thing may be said to be irreplaceable by accident,
230 3413 1970 3499 when although it is of those sorts of things which are of a marketable
916 3520 1089 3576 Note.
260 3617 1994 3740 (a) Irreplaceable from to replace. The term is itself a new one; but
230 3798 1999 3900 new ideas demand new terms. The derivation of it is analogous to that of irretrievable,
221 3930 1310 4006 irreparable, and several others.
