2731 4096
1115 217 1863 375 Of Things found
694 226 2608 470 Theft Embezzlement and Fraudulent obtainment
809 515 955 563 denies
789 544 2561 672 <gap/> the fact or if upon public notice given in pro=-
773 771 1935 867 -=per form he appears not to confess it
893 965 2501 1102 As to the manner of giving notice, this will depend
766 1153 2521 1289 upon the particular laws and customs of the country
770 1330 2519 1422 The measures to be taken in this view should be such
767 1565 2496 1659 that after they are taken it may fairly be presumed that
770 1759 2534 1875 the person who did the act in question could not but be
777 1954 1522 2068 apprized of the enquiry
904 2152 2533 2274 Giving verbal notice in the Parish church, Fixing
783 2333 2472 2448 up a written notice on the outside of the Church door,
773 2505 2547 2658 causing verbal proclamation to be made by a Crier insert=-
1480 2687 1594 2735 local
767 2742 2562 2848 -=ing notices in the <gap/> newspapers, these or any of them
773 2953 2512 3038 are so many different expedients which a man may be
792 3143 2391 3254 required to employ for the purpose of giving notice.
963 3313 2548 3429 If After the expedient or expedients required to be em=-
779 3523 2491 3631 -=ployed for the purpose of giving notice have been duly
1250 3676 2494 3734 presumption shall be that such notice
777 3716 2583 3840 employed the party in question shall be presumed to have
787 3856 1154 3908 has been taken.
784 3903 2567 4013 taken notice unless he can show any particular <gap/>
2118 3979 2587 4053 circumstance
