2731 4096
545 190 2149 410 Of Unlawful Threats. Menacement
1091 474 1200 532 10
246 531 1878 641 3. When a threat is denounced against a man
213 686 1819 804 in such manner as to be unliquidated, the
183 854 1914 961 presumption is that it was levelled against
194 1023 1824 1113 his person: but this presumption may easily
197 1194 1865 1294 be overcome by slight evidence to the contra:­
180 1391 345 1443 ­:ry.
1013 1440 1069 1493 11
220 1516 1864 1621 4. When the threat appears to be levelled at
188 1680 1829 1794 his person the presumption shall be that the
195 1838 1865 1947 injury intended was a simple personal injury,
189 2003 1835 2089 or a personal insult: but this presumption
192 2155 1893 2257 may be easily overcome by contrary indications.
908 2290 1294 2364 Menacement
1738 2347 1867 2415 ab:-
161 2311 1852 2510 [(E) Will be done.] Threats may be either cond:-
238 2491 811 2565 -:solute or coercive
187 2552 1510 2634 -:itional or else <gap/> <gap/>
739 2649 1561 2727 It coercive
500 2703 1860 2823 Threats ^ may be called conditional when
198 2860 1851 2975 intimation is given of something which if you do,
187 2949 1685 3020 or forbear to do, absolute,
170 3003 1873 3121 ^the threat shall not be executed: simple when
190 3150 1895 3262 no such intimation is given; in so much that
198 3301 1848 3411 it is meant you should understand that do
190 3424 1843 3576 what you will, it will be executed at any
195 3619 1250 3711 rate. Punishment.
610 3741 1221 3818 unlawful menacement
393 3767 1877 3947 For ^ uttering are The Unlawful Threats the
1688 3908 1856 3968 -:er's
