2731 4096
1067 221 2171 383 Offences against Justice
1837 439 2036 482 evil or
818 437 2517 571 These motives may be any kind of good such which it is
788 625 2499 720 in the power of one man to occasion to another. Motives of
785 777 2477 876 the former of these kinds may on this occasion be termed
1415 868 1765 915 menacements:
786 905 2516 1014 coercive Motives or Threats those of the other, seductive Mo:-
756 1077 2535 1179 -:tives or Allurements. Those of the coercive kind are either
1218 1190 2074 1270 criminal modes of gratifying
777 1241 2543 1353 1. The several sorts of criminal enmity, corresponding to the
776 1370 2531 1527 several sorts of Injuries that can be offered to individuals:+
775 1591 2515 1694 or Threats of civil enmity, corresponding to the several kinds
773 1759 2525 1858 of good and ill offices which when standing apart from all
780 1919 2543 2030 such conditions a man may chuse whether he will do to
774 2093 2587 2186 another without offence. Now the disposition which a man
784 2160 2497 2238 manifests by yielding to motives of the coercive kind in cases
781 2208 2562 2281 in which he ought not to yield to them, is termed pusillanimity. A +
907 2266 2512 2367 Motives of the seductive kind may be any of the several
765 2426 2518 2537 kinds of Allurements corresponding to the several kinds
778 2598 2522 2705 of good offices which it is in the power of one man to do
781 2770 2500 2862 to another. Of these the most obvious and that which is
754 2930 2521 3040 most heard of is <gap/> that is the giving him money.
994 3107 2517 3284 III. Means by which he may come to fail
1198 3229 1504 3286 the article
1096 3237 1886 3379 in point of Power.
1661 3425 1742 3487 26
959 3471 2535 3624 Lastly with regard to the ways in which the purposes of
750 3635 2386 3776 Justice may be frustrated through want of Power.
1095 3804 2575 3950 As to the Power (meaning the physical power) which
2439 3966 2536 4018 a
