2731 4096
378 240 2423 408 Of Offenses against Reputation in general Diss.
166 502 1853 612 prejudice: at any rate the report has time to spread, and (as
177 707 1884 807 is commonly the case) derive additional malignity from eve:­
152 878 1884 986 ­:ry mouth through which it passes. Besides this, the coun:­
160 1061 1891 1161 -:tenance which a man who feels himself innocent ex:­
164 1243 1905 1342 ­ :hibits at the instant the imputation is first conveyed to
1635 1362 1944 1432 of innocence
174 1441 1894 1545 him is often one of the most satisfactory proofs a man
170 1630 1911 1727 so circumstanced can have an opportunity of displaying.
416 1879 1880 1987 As to the mischief resulting from the quarrel, there
176 2071 1892 2182 is little need of estimating that at more than the present pain.
175 2254 1856 2354 If it should draw on him any personal outrage from
180 2434 1854 2546 his adversary, his adversary is punishable separately
166 2628 1870 2744 for the outrage. If it should lead him to inflict perso:­
1609 2768 1739 2829 spot,
171 2825 1854 2915 ­:nal chastisement on his adversary, ion the effect this
182 3005 1889 3119 chastisement will either be moderate or excessive. If mo:­
168 3197 1888 3320 -:derate, he will stand excused by Law, and he will have
166 3386 1880 3522 gratis the satisfaction of administering it. If excessive
180 3592 1879 3719 he is then himself to blame; he will have had the above
183 3792 1733 3912 satisfaction, but he must be punished for the excess.
1690 3899 1832 3998 As
