2731 4096
349 221 1846 400 Of Insulting Threats Menacement.
985 516 1361 604 Menacement
564 538 1864 700 An iInsulting Threat is where in the intention
177 707 1861 886 of expressing contempt for You or of exposing You to the con:-
1092 885 1612 981 (A) (B)
132 902 1863 1085 -:tempt of others a man is concerned in intimating + that by
1494 1048 1913 1121 (C) to an-
178 1106 1865 1225 his means some injury will be done to Yourself or any
227 1254 370 1332 (D)
142 1298 338 1367 -other
776 1350 1113 1464 Exposition.
1012 1558 1327 1637 Co-offenders.
207 1590 1670 1731 [(A) Concerned] See Tit. [Associates in Delinquency ]
213 1777 1886 1920 [(B) Intimating] It matters not whether You actually appre:-
198 1957 1902 2121 -:hend or have reason to apprehend that the threat will be ex:-
190 2134 401 2201 -:ecuted.
728 2182 983 2247 Reason
530 2320 1879 2475 For without executing the Threat the purpose of ex:-
206 2515 1917 2608 -:posing You to contempt may be answered barely by denounc:-
208 2711 459 2797 -:ing it.
199 2831 1933 3013 [(C) To Yourself] It matters not however whether this threat
223 3073 1935 3170 be immediately addressed to You, or to another person; espe:-
195 3220 1922 3361 -:cially if with intent that You should hear of it; as if, being
216 3407 1928 3540 in company with You and a third person, your adversary
195 3591 1903 3708 should say to that third person, in Your hearing, I will
208 3769 1919 3874 pull that fellow by the Nose: or I will whip that man's
1700 3895 1888 4007 Wife
