2731 4096
322 194 1721 401 Of Unlawful Reproach
232 505 1893 615 of his acquaintance.+ In the first respect a man of higher
214 691 1866 799 rank seems to be rather more tender in general, than a
212 871 1868 995 man of lower rank ; though the sensibility of each will
213 1065 1896 1182 always depend in a great degree upon circumstances in the
217 1243 1877 1366 original mental temperament of which no account can
215 1432 1888 1515 be taken. As to the external evils a man is exposed to
200 1607 1858 1734 suffer by defamation ; to these a man of higher will in
1761 1778 1854 1812 er
208 1812 1907 1933 general be somewhat less exposed than a man of low rank;
213 2009 1908 2133 since the former will be able to command, partly by means
221 2218 1893 2310 of his rank, partly by means of the fortune that usually
214 2380 1859 2470 attends it, those services which the latter can expect only
205 2593 918 2684 from affection or esteem.
