2731 4096
1056 242 1820 368 Of Things found
684 239 2577 484 Theft Embezzlement and Fraudulent obtainment
724 554 2478 667 a man to take it up who happened at at that moment
722 692 2498 863 to want a piece of paper: at the same time that the value
724 914 2501 1057 of it would appear so inconsiderable to a person who could
718 1098 2503 1257 not read or did not know the nature of a promisory note
719 1270 2449 1432 that from the smallness of such apparent value added to
718 1443 2484 1659 the circumstance of his finding it out of doors he might
722 1707 2544 1832 have very sincerely concluded that the person whose
720 1891 2084 2009 property it had been meant to abandon it
966 2034 2510 2232 So if a plant which is in fact of considerable va=-
714 2276 2486 2407 -=lue happens to be thrown carelessly among a parcel of
737 2473 2459 2626 weeds upon a dunghill just without a garden; the beauty
738 2636 2468 2846 or singularity of it may induce a man by to take it up
742 2865 2537 3015 who not knowing its real value, and seeing it lie there
1238 3053 1460 3132 honestly
746 3096 2509 3233 may perhaps honorable enough conclude that the owner
1326 3297 1407 3330 as
754 3293 2486 3435 has thrown it out useless to him and not worth regarding
988 3496 2406 3637 If a man finds a thing which appears to have
745 3692 2552 3856 been lost by the owner it may be that he took it with=-
2358 3797 2495 3895 -=out
