2731 4096
959 314 2164 477 Simple Personal Injuries
773 578 1366 697 =quely intentional.
897 755 2499 889 Personal damage which is directly intentional may
793 862 2603 965 be either intermediately that in other words subserviently intentional, or .
779 960 2537 1093 either ultimately intentional or intermediately that is
1711 1102 2485 1188 intermediately or subserviently
772 1148 2483 1308 subserviently intentional. It is ultimately intentional
781 1380 2524 1502 when [the consideration of the very pain produced by it
1513 1509 2526 1601 results from the consideration not of
783 1583 2529 1719 is] the inducement to produce it is not that very pain
769 1778 2496 1879 but some other event to the production of which that
787 1979 2445 2104 pain is or appears to be necessary: it is ultimately
1698 2040 2010 2095 results from
799 2064 2505 2167 intentional when that inducement is the consideration of
805 2137 1254 2195 that very pain.
769 2163 2536 2318 It is ultimately intentional when the production of
1200 2323 1292 2360 as
796 2353 2546 2470 it is aimed at an end: intermediately or subserviently
799 2538 2196 2623 intentional, when aimed at as a means.
962 2725 2602 2838 Thus if when you struck the man it was because
808 2928 2568 3045 you bore him a grudge and on account of the pleasure
809 3077 2550 3226 you expected to receive from seeing him suffer, it was ul=-
779 3271 2520 3381 -=timately intentional: if it was because being a sur=-
785 3442 2503 3570 -=geon you expected to get money by relieving him from
775 3638 2579 3744 that pain, the pain tho' still directly intentional was_
781 3831 2209 3961 intermediately only or subserviently intentional
2262 3889 2527 4004 Lastly _
