2731 4096
121 179 1624 365 # some might indeed be disposed to give a different
212 317 1703 454 Sense to the Word "Taking" by considering it as already
477 420 915 489 at an period
203 450 1629 569 accomplished earlier; as for instance _ as soon as
199 568 1654 694 the Hand was laid upon the Subject: but tho' this
205 704 1682 805 Circumstance should serve for an Epoch in most Cases
217 840 1632 986 where the taking was in the direct manner, yet
223 961 1557 1050 would it not in all, nor does it obtain in the
218 1084 1705 1198 indirect and it would be endless to assign particular
219 1215 1640 1339 Epochs in such other Circumstances as might be
210 1340 1620 1485 fixed upon for that purpose in lieu of it: The
206 1466 1669 1572 proof of which Observations, in order to avoid endless
234 1548 304 1605 D
172 1572 1674 1704 Details I must leave to the Sagacity of the Reader
292 1702 1665 1803 But which ever of these Senses be the preferable, the
225 1820 1641 1954 Impropriety consists not so much in adopting of
1242 1906 1698 1967 the term as it is
220 1950 1640 2101 the wrong one, as in discoursing of the Diversity of
671 2045 1383 2116 as if the difference between
199 2066 1702 2205 either of them with the Act as is directed by that
1086 2168 1426 2251 manifest and
160 2213 1519 2371 & the carrying away, as if it were notorious.
130 2386 1665 2521 # I mean in the ordinary Course of sense of the Word,
220 2518 1620 2647 and not in the mere legal, in which as we have
188 2637 1348 2796 just hinted it is confounded with "taking"
