<?xml version='1.0' encoding='utf-8'?>
<PcGts xmlns="http://schema.primaresearch.org/PAGE/gts/pagecontent/2013-07-15" xmlns:xsi="http://www.w3.org/2001/XMLSchema-instance" xsi:schemaLocation="http://schema.primaresearch.org/PAGE/gts/pagecontent/2013-07-15 http://schema.primaresearch.org/PAGE/gts/pagecontent/2013-07-15/pagecontent.xsd">
  <Metadata>
    <Creator>UPV-PRHLT</Creator>
    <Created>2013-03-08T03:03:58</Created>
    <LastChange>2015-12-14T11:11:37</LastChange>
  </Metadata>
  <Page imageFilename="073_031_004.jpg" imageHeight="4096" imageWidth="2731">
    <TextRegion id="t1">
      <Coords points="818,315 902,272 1053,256 1065,256 1073,257 1347,272 1349,272 1588,271 1814,262 1982,276 1984,371 1981,378 1937,400 1931,407 1847,428 1830,428 1313,436 1095,442 884,462 817,447 789,379" />
      <TextLine id="6531">
        <Coords points="1187,264 1200,264 1201,265 1203,265 1221,283 1801,283 1802,284 1804,284 1805,285 1806,285 1825,304 1835,304 1859,328 1879,328 1893,342 1932,342 1933,343 1934,343 1935,344 1935,347 1931,351 1930,351 1927,354 1926,354 1925,355 1924,355 1922,357 1921,357 1919,359 1917,359 1916,360 1914,360 1913,361 1912,361 1911,362 1909,362 1908,363 1907,363 1906,364 1904,364 1903,365 1902,365 1901,366 1896,366 1895,367 1894,367 1893,368 1892,368 1891,369 1890,369 1889,370 1888,370 1878,380 1878,381 1874,385 1874,386 1871,389 1870,389 1869,390 1868,390 1867,391 1264,391 1226,429 1225,429 1224,430 1223,430 1222,431 1221,431 1220,432 1219,432 1218,433 1211,433 1202,424 861,424 860,423 857,423 856,422 854,422 853,421 852,421 851,420 834,420 832,418 831,418 830,417 829,417 828,416 827,416 827,415 825,413 825,411 823,409 823,375 820,372 820,371 819,370 819,360 820,359 820,357 821,356 821,355 822,354 822,352 823,351 823,349 824,348 824,347 829,342 829,339 830,338 830,336 832,334 832,333 835,330 835,329 837,327 837,326 839,324 839,323 841,321 841,319 856,304 857,304 860,301 861,301 864,298 866,298 867,297 908,297 920,285 921,285 922,284 925,284 926,283 1168,283" />
        <TextEquiv>
          <Unicode>Offences against the Coin</Unicode>
        </TextEquiv>
      </TextLine>
    </TextRegion>
    <TextRegion id="t2">
      <Coords points="727,507 2524,501 2624,1424 2621,2230 2621,3823 2627,3965 2589,4000 710,3965 702,3660 675,2673 675,1108 750,759 823,718 827,573 737,524" />
      <TextLine id="6532">
        <Coords points="2173,569 2174,569 2175,570 2176,570 2183,577 2402,577 2428,603 2478,603 2480,605 2509,605 2509,616 2508,616 2507,617 2496,617 2494,619 2430,619 2429,620 2427,620 2426,621 2387,621 2386,622 2373,622 2353,642 2352,642 2351,643 2138,643 2136,645 2135,645 2134,646 2132,646 2131,647 2116,647 2114,649 2113,649 2111,651 2110,651 2109,652 1953,652 1899,706 1898,705 1896,705 1834,643 1611,643 1608,640 1213,640 1212,639 960,639 959,638 842,638 840,636 839,636 839,635 838,634 838,631 839,630 839,629 840,628 840,627 843,624 843,623 844,622 845,622 852,615 853,615 854,614 855,614 856,613 967,613 986,594 987,594 988,593 1047,593 1057,583 1058,583 1059,582 1500,582 1501,581 1502,581 1504,579 1505,579 1506,578 2159,578 2165,572 2166,572 2167,571 2168,571 2169,570 2172,570" />
        <TextEquiv>
          <Unicode>is overtaken: and with respect to such old offenders punishing</Unicode>
        </TextEquiv>
      </TextLine>
      <TextLine id="6533">
        <Coords points="1585,674 1644,733 1901,733 1948,780 2359,780 2377,798 2462,798 2471,807 2508,807 2508,808 2507,809 2503,809 2502,810 2493,810 2492,811 2480,811 2479,812 2458,812 2456,814 2451,814 2450,815 2450,816 2448,818 2447,818 2445,820 2443,820 2442,821 2439,821 2438,822 2411,822 2410,823 2409,823 2408,824 2356,824 2355,825 2353,825 2352,826 2324,826 2323,827 2322,827 2321,828 2320,828 2319,829 2077,829 2058,848 2058,849 2056,851 2055,851 2044,862 2043,862 2036,869 2035,869 2031,873 2030,873 2027,876 2025,876 2023,878 2021,878 2020,879 2018,879 2017,880 943,880 942,881 938,881 937,882 934,882 933,881 931,881 930,880 929,880 928,879 926,879 883,836 797,836 796,835 789,835 785,831 744,831 744,826 746,826 750,822 750,814 751,813 752,813 753,812 754,812 756,810 757,810 758,809 759,809 760,808 808,808 831,785 832,785 833,784 876,784 880,780 881,780 884,777 885,777 887,775 888,775 889,774 1485,774" />
        <TextEquiv>
          <Unicode>theft more severely than robbery would have</Unicode>
        </TextEquiv>
      </TextLine>
      <TextLine id="6534">
        <Coords points="1644,926 1684,966 2459,966 2501,1008 2502,1008 2502,1059 2528,1085 2528,1086 2530,1088 2530,1092 2142,1048 1633,1086 1073,1086 1032,1045 996,1045 995,1044 861,1044 860,1043 859,1043 858,1042 858,1040 857,1039 808,1039 806,1037 748,1037 747,1036 747,1033 749,1031 749,1030 758,1021 759,1021 762,1018 763,1018 764,1017 766,1017 767,1016 768,1016 769,1015 771,1015 772,1014 904,1014 921,997 922,997 924,995 951,995 953,993 1133,993 1135,991 1236,991 1238,989 1239,989 1240,988 1304,988 1305,987 1306,987 1308,985 1332,985 1333,984 1334,984 1336,982 1588,982" />
        <TextEquiv>
          <Unicode>no other effect than to turn a thief into a robber. This</Unicode>
        </TextEquiv>
      </TextLine>
      <TextLine id="6535">
        <Coords points="2526,1175 2516,1255 2302,1245 2300,1245 2299,1246 2298,1246 2297,1247 2223,1247 2222,1248 2220,1248 2219,1249 2137,1249 2134,1252 2133,1252 2132,1253 2130,1253 2129,1254 2126,1254 2125,1255 2122,1255 2090,1287 2088,1287 2081,1294 2080,1294 2079,1295 2078,1295 2077,1296 2075,1296 2074,1297 2072,1297 2071,1298 1616,1298 1614,1300 748,1300 747,1301 744,1301 743,1302 741,1302 740,1303 721,1303 720,1304 743,1235 743,1234 749,1234 751,1232 752,1232 758,1226 759,1226 761,1224 762,1224 764,1222 765,1222 768,1219 769,1219 770,1218 771,1218 772,1217 775,1217 795,1197 1027,1197 1028,1196 1031,1196 1032,1195 1368,1195 1371,1192 1372,1192 1374,1190 1404,1190 1405,1189 1753,1191 1826,1169 2035,1180" />
        <TextEquiv>
          <Unicode>is not the case with coiners. A man's being in the habit</Unicode>
        </TextEquiv>
      </TextLine>
      <TextLine id="6536">
        <Coords points="762,1369 751,1374 741,1383 732,1392 721,1405 714,1416 708,1428 707,1444 707,1455 712,1467 726,1478 739,1485 753,1496 767,1499 787,1503 810,1505 826,1508 858,1516 876,1519 894,1521 914,1523 1401,1523 1417,1521 1533,1521 1546,1519 1557,1516 1569,1514 1592,1510 1605,1508 1617,1507 1687,1507 1714,1503 1751,1501 1778,1501 1799,1499 1814,1499 1839,1494 1858,1491 1871,1489 1901,1483 1914,1482 1942,1478 1982,1478 1994,1480 2005,1480 2016,1483 2026,1485 2039,1485 2053,1489 2066,1491 2085,1492 2432,1492 2444,1491 2458,1489 2469,1487 2483,1483 2498,1480 2516,1480 2530,1476 2541,1473 2553,1464 2567,1455 2578,1448 2582,1437 2574,1423 2555,1414 2542,1410 2532,1408 2521,1407 2501,1405 2482,1401 2399,1401 2373,1399 2357,1398 2333,1396 2317,1392 2301,1389 2280,1387 2269,1383 2257,1382 2244,1380 2232,1378 2217,1374 2191,1373 2169,1373 2153,1369 2142,1367 2117,1364 2057,1364 2037,1360 2021,1357 2003,1355 1912,1355 1901,1357 1874,1360 1858,1364 1833,1364 1823,1366 1812,1367 1801,1369 1791,1371 1773,1374 1755,1376 1739,1382 1723,1383 1683,1389 1660,1394 1639,1396 1619,1398 1183,1398 1166,1396 1153,1394 1126,1391 1108,1385 1085,1382 1071,1378 1042,1374 1028,1373 1010,1367 994,1364 973,1360 957,1358 944,1357 848,1357 819,1360 807,1362 796,1366 783,1371 769,1373" />
        <TextEquiv>
          <Unicode>of Coining may in general be looked upon as a presumption</Unicode>
        </TextEquiv>
      </TextLine>
      <TextLine id="6537">
        <Coords points="714,1594 707,1603 701,1612 696,1626 694,1637 689,1649 689,1660 691,1671 694,1682 699,1691 714,1694 896,1694 928,1691 958,1689 1082,1689 1100,1692 1121,1696 1135,1699 1146,1701 1157,1703 1167,1705 1182,1708 1207,1708 1226,1710 1237,1712 1251,1714 1267,1714 1278,1716 1291,1716 1307,1719 1324,1721 1387,1721 1398,1719 1426,1714 1439,1712 1453,1710 1480,1707 1526,1701 1755,1701 1773,1703 1794,1705 1860,1705 1876,1703 1889,1703 1907,1701 1939,1701 1962,1698 1978,1696 2183,1696 2200,1692 2210,1691 2241,1685 2273,1685 2285,1683 2307,1683 2323,1682 2342,1678 2392,1671 2414,1666 2424,1664 2439,1660 2453,1653 2462,1648 2474,1642 2482,1633 2482,1619 2476,1608 2471,1599 2462,1589 2449,1576 2437,1573 2417,1569 2403,1566 2389,1564 2376,1564 2362,1562 2344,1560 2328,1558 2308,1557 2250,1557 2225,1553 2196,1551 1921,1551 1901,1555 1878,1560 1866,1562 1855,1562 1837,1564 1817,1567 1801,1569 1771,1574 1753,1576 1730,1578 1712,1582 1689,1582 1669,1585 1651,1587 1469,1587 1449,1585 1433,1583 1412,1578 1398,1576 1387,1576 1371,1574 1358,1571 1344,1569 1332,1567 1317,1566 932,1566 917,1569 899,1571 878,1573 866,1573 851,1574 839,1576 821,1578 805,1582 789,1583 764,1589 742,1591 732,1594 721,1596" />
        <TextEquiv>
          <Unicode>of his possessing some honest art from which this</Unicode>
        </TextEquiv>
      </TextLine>
      <TextLine id="6538">
        <Coords points="748,1814 739,1821 728,1828 723,1837 719,1848 719,1871 726,1885 733,1894 742,1903 753,1910 762,1916 785,1919 948,1919 967,1917 989,1914 1010,1914 1033,1912 1051,1910 1071,1908 1239,1908 1255,1910 1267,1912 1285,1914 1298,1916 1316,1917 1333,1921 1346,1923 1357,1923 1376,1924 1571,1924 1601,1921 1624,1917 1649,1912 1666,1910 1683,1907 1698,1903 1714,1901 1726,1899 1744,1898 2087,1898 2107,1899 2123,1901 2151,1901 2166,1903 2316,1903 2332,1901 2350,1899 2367,1896 2385,1892 2408,1887 2419,1885 2432,1882 2441,1874 2448,1866 2455,1857 2457,1846 2458,1833 2457,1817 2451,1808 2441,1799 2426,1791 2416,1787 2399,1783 2385,1782 2223,1782 2187,1774 2135,1774 2101,1769 2069,1762 2053,1760 2026,1757 1905,1757 1891,1758 1874,1760 1864,1762 1830,1767 1812,1771 1794,1774 1774,1776 1755,1780 1721,1783 1701,1785 1664,1792 1642,1792 1614,1798 1598,1799 1478,1799 1462,1796 1451,1794 1432,1791 1408,1787 1387,1783 1273,1783 1255,1782 837,1782 821,1785 798,1791 782,1794 766,1798 755,1805 739,1816" />
        <TextEquiv>
          <Unicode>illicit practice is only an occasion deviation, and to</Unicode>
        </TextEquiv>
      </TextLine>
      <TextLine id="6539">
        <Coords points="744,2028 742,2041 741,2057 737,2067 737,2096 742,2108 755,2119 774,2125 814,2130 833,2132 887,2132 919,2135 939,2137 960,2142 980,2144 1001,2146 1012,2146 1037,2151 1094,2151 1107,2150 1121,2146 1148,2139 1167,2137 1194,2133 1208,2132 1221,2130 1251,2130 1267,2132 1278,2133 1292,2135 1305,2139 1316,2141 1341,2144 1355,2146 1366,2148 1378,2150 1398,2153 1492,2153 1505,2151 1524,2148 1535,2146 1573,2146 1587,2144 1635,2141 1757,2141 1780,2139 1798,2137 1812,2133 2396,2133 2408,2130 2428,2126 2446,2123 2471,2119 2483,2114 2498,2108 2510,2103 2519,2092 2524,2080 2524,2033 2523,2019 2512,2010 2499,2007 2471,2001 2410,2001 2376,1998 2353,1994 2319,1989 2216,1989 2191,1991 2117,1991 2085,1989 2058,1983 2044,1982 2026,1980 2003,1976 1987,1973 1974,1973 1962,1971 1942,1969 1601,1969 1574,1971 1555,1976 1530,1978 883,1978 857,1982 841,1985 826,1987 810,1991 796,1994 776,2003 762,2008 753,2017 739,2033 733,2042" />
        <TextEquiv>
          <Unicode>which if forced back by salutary terrors, he may at any</Unicode>
        </TextEquiv>
      </TextLine>
      <TextLine id="6540">
        <Coords points="741,2217 726,2228 719,2237 714,2251 710,2269 714,2285 723,2294 735,2300 755,2303 771,2307 782,2307 807,2310 819,2312 916,2312 949,2317 1103,2317 1130,2316 1574,2316 1596,2314 1630,2307 1660,2300 1685,2296 1717,2294 2003,2294 2024,2292 2062,2285 2123,2285 2151,2282 2166,2280 2194,2278 2505,2278 2516,2276 2530,2273 2542,2269 2555,2266 2567,2260 2578,2257 2589,2251 2598,2244 2608,2237 2610,2226 2608,2216 2603,2205 2594,2194 2585,2183 2566,2171 2551,2166 2537,2162 2510,2158 2483,2153 2467,2151 2435,2148 2383,2148 2367,2150 2355,2151 2339,2153 2326,2155 2217,2155 2191,2157 2119,2157 2107,2158 2089,2158 2076,2162 2051,2166 2021,2167 1862,2167 1826,2169 1067,2169 1046,2171 1023,2175 1010,2176 867,2176 851,2180 841,2182 826,2183 816,2185 805,2187 789,2192 780,2200 771,2207 760,2212 746,2221 732,2230 719,2235" />
        <TextEquiv>
          <Unicode>time return. A button maker or silversmith who has taken</Unicode>
        </TextEquiv>
      </TextLine>
      <TextLine id="6541">
        <Coords points="762,2432 749,2442 739,2453 732,2464 726,2473 721,2482 723,2496 735,2505 751,2510 764,2514 782,2517 796,2519 821,2523 844,2528 874,2532 894,2535 921,2539 948,2542 1126,2542 1153,2541 1173,2539 1199,2539 1226,2535 1324,2535 1342,2533 1364,2532 1516,2532 1537,2528 1566,2526 1608,2526 1635,2523 1653,2519 1664,2517 1678,2516 1691,2514 1782,2514 1794,2510 1814,2507 1832,2507 1846,2505 1864,2505 1878,2501 1891,2499 1907,2498 1953,2498 1967,2501 1978,2503 1989,2505 2008,2508 2042,2508 2058,2510 2092,2510 2112,2512 2355,2512 2382,2507 2396,2505 2407,2501 2419,2498 2430,2494 2448,2491 2458,2487 2480,2483 2492,2478 2514,2467 2524,2464 2530,2455 2533,2442 2535,2432 2532,2417 2519,2412 2498,2405 2482,2401 2469,2398 2458,2394 2432,2389 2414,2387 2385,2383 1948,2383 1935,2380 1871,2380 1853,2378 1830,2375 1798,2369 1767,2364 1282,2364 1262,2366 1237,2366 1217,2367 1112,2367 1092,2369 1064,2373 1026,2382 999,2385 964,2392 949,2394 923,2398 892,2403 878,2405 858,2410 792,2410 778,2414 767,2416 757,2423 751,2433" />
        <TextEquiv>
          <Unicode>to coining, although he should cease to coin,may continue</Unicode>
        </TextEquiv>
      </TextLine>
      <TextLine id="6542">
        <Coords points="769,2617 755,2623 741,2630 732,2635 724,2644 721,2657 717,2674 717,2685 724,2698 737,2703 755,2707 783,2710 810,2716 821,2717 833,2719 858,2723 883,2726 917,2732 976,2732 994,2730 1017,2728 1035,2723 1210,2723 1221,2721 1328,2721 1351,2719 1364,2717 1385,2716 1649,2716 1660,2714 1730,2714 1746,2712 1758,2712 1773,2708 1799,2707 1817,2707 1832,2703 1942,2703 1964,2701 2039,2701 2064,2699 2085,2699 2100,2698 2119,2698 2137,2692 2148,2692 2160,2689 2173,2687 2189,2687 2201,2685 2212,2682 2225,2678 2308,2678 2321,2676 2333,2674 2382,2674 2394,2673 2412,2667 2423,2664 2437,2662 2449,2658 2460,2657 2471,2649 2473,2637 2469,2626 2458,2616 2453,2607 2446,2599 2432,2596 2394,2596 2383,2594 2364,2594 2353,2592 2326,2589 2241,2589 2217,2585 2191,2582 2041,2582 2026,2580 1669,2580 1657,2578 1642,2576 1521,2576 1492,2582 1476,2583 1453,2587 1432,2587 1417,2591 1403,2592 1139,2592 1121,2594 1101,2596 1089,2598 992,2598 980,2596 844,2596 826,2603 814,2607 803,2610 791,2614 780,2619" />
        <TextEquiv>
          <Unicode>to subsist: he has only to confine himself to the proper</Unicode>
        </TextEquiv>
      </TextLine>
      <TextLine id="6543">
        <Coords points="2465,2673 2465,2674 2468,2674 2468,2689 2523,2689 2523,2690 2524,2690 2524,2691 2554,2691 2554,2696 2564,2696 2564,2702 2589,2702 2589,2704 2588,2704 2588,2705 2587,2705 2587,2706 2582,2706 2582,2708 2581,2708 2581,2709 2579,2709 2579,2710 2576,2710 2576,2711 2558,2711 2558,2710 2555,2710 2555,2709 2554,2709 2554,2707 2553,2707 2553,2704 2438,2704 2438,2705 2435,2705 2435,2706 2433,2706 2433,2708 2432,2708 2432,2709 2431,2709 2431,2710 2430,2710 2430,2711 2429,2711 2429,2712 2426,2712 2426,2714 2425,2714 2425,2715 2423,2715 2423,2716 2422,2716 2422,2717 2421,2717 2421,2718 2419,2718 2419,2719 2413,2719 2413,2701 2283,2701 2283,2702 2247,2702 2247,2703 2245,2703 2245,2702 2242,2702 2242,2701 2239,2701 2239,2700 2238,2700 2238,2698 2240,2698 2240,2697 2253,2697 2253,2696 2254,2696 2254,2695 2256,2695 2256,2694 2257,2694 2257,2693 2259,2693 2259,2692 2260,2692 2260,2691 2261,2691 2261,2689 2262,2689 2262,2688 2264,2688 2264,2687 2265,2687 2265,2686 2266,2686 2266,2685 2268,2685 2268,2684 2269,2684 2269,2683 2270,2683 2270,2682 2327,2682 2327,2681 2328,2681 2328,2680 2330,2680 2330,2679 2331,2679 2331,2678 2332,2678 2332,2677 2335,2677 2335,2676 2339,2676 2339,2685 2450,2685 2450,2683 2451,2683 2451,2682 2452,2682 2452,2681 2454,2681 2454,2680 2455,2680 2455,2679 2456,2679 2456,2678 2457,2678 2457,2677 2459,2677 2459,2676 2460,2676 2460,2675 2462,2675 2462,2674 2463,2674 2463,2673" />
        <TextEquiv>
          <Unicode>such a person</Unicode>
        </TextEquiv>
      </TextLine>
      <TextLine id="6544">
        <Coords points="2341,2702 2341,2703 2343,2703 2343,2704 2344,2704 2344,2726 2446,2726 2446,2725 2447,2725 2447,2724 2448,2724 2448,2723 2449,2723 2449,2722 2450,2722 2450,2721 2452,2721 2452,2720 2453,2720 2453,2719 2454,2719 2454,2718 2456,2718 2456,2717 2458,2717 2458,2715 2459,2715 2459,2714 2461,2714 2461,2713 2463,2713 2463,2712 2465,2712 2465,2711 2468,2711 2468,2713 2481,2713 2481,2717 2569,2717 2569,2718 2570,2718 2570,2752 2588,2752 2588,2753 2589,2753 2589,2762 2592,2762 2592,2763 2597,2763 2597,2764 2606,2764 2606,2765 2608,2765 2608,2766 2605,2766 2605,2767 2602,2767 2602,2768 2519,2768 2519,2769 2517,2769 2517,2771 2515,2771 2515,2772 2514,2772 2514,2773 2512,2773 2512,2774 2511,2774 2511,2775 2509,2775 2509,2777 2506,2777 2506,2778 2503,2778 2503,2779 2503,2778 2501,2778 2501,2777 2499,2777 2499,2749 2495,2749 2495,2748 2494,2748 2494,2746 2479,2746 2479,2745 2476,2745 2476,2744 2466,2744 2466,2743 2363,2743 2363,2744 2360,2744 2360,2745 2350,2745 2350,2748 2342,2748 2342,2746 2211,2746 2211,2747 2210,2747 2210,2748 2209,2748 2209,2749 2183,2749 2183,2750 2180,2750 2180,2751 2137,2751 2137,2752 2136,2752 2136,2753 2130,2753 2130,2752 2123,2752 2123,2751 2120,2751 2120,2750 2121,2750 2121,2748 2122,2748 2122,2747 2123,2747 2123,2745 2124,2745 2124,2744 2125,2744 2125,2742 2126,2742 2126,2741 2127,2741 2127,2740 2128,2740 2128,2738 2129,2738 2129,2736 2130,2736 2130,2735 2131,2735 2131,2733 2132,2733 2132,2732 2133,2732 2133,2731 2134,2731 2134,2730 2135,2730 2135,2729 2136,2729 2136,2727 2137,2727 2137,2726 2138,2726 2138,2725 2140,2725 2140,2723 2141,2723 2141,2722 2142,2722 2142,2721 2144,2721 2144,2720 2145,2720 2145,2719 2146,2719 2146,2718 2147,2718 2147,2717 2148,2717 2148,2716 2150,2716 2150,2715 2151,2715 2151,2714 2153,2714 2153,2713 2156,2713 2156,2712 2162,2712 2162,2713 2163,2713 2163,2714 2164,2714 2164,2715 2165,2715 2165,2717 2166,2717 2166,2732 2268,2732 2268,2730 2269,2730 2269,2728 2270,2728 2270,2727 2271,2727 2271,2726 2272,2726 2272,2723 2273,2723 2273,2722 2274,2722 2274,2721 2276,2721 2276,2720 2277,2720 2277,2719 2279,2719 2279,2718 2280,2718 2280,2716 2281,2716 2281,2715 2282,2715 2282,2714 2284,2714 2284,2713 2285,2713 2285,2712 2286,2712 2286,2711 2288,2711 2288,2710 2289,2710 2289,2709 2290,2709 2290,2708 2291,2708 2291,2707 2293,2707 2293,2706 2295,2706 2295,2705 2303,2705 2303,2704 2304,2704 2304,2703 2338,2703 2338,2702" />
        <TextEquiv>
          <Unicode>On pain therefore</Unicode>
        </TextEquiv>
      </TextLine>
      <TextLine id="6545">
        <Coords points="2259,2747 2259,2750 2343,2750 2343,2766 2348,2766 2348,2767 2357,2767 2357,2768 2471,2768 2471,2767 2472,2767 2472,2766 2473,2766 2473,2762 2474,2762 2474,2761 2476,2761 2476,2760 2478,2760 2478,2759 2479,2759 2479,2758 2480,2758 2480,2757 2481,2757 2481,2756 2482,2756 2482,2755 2483,2755 2483,2754 2485,2754 2485,2753 2486,2753 2486,2752 2487,2752 2487,2751 2488,2751 2488,2750 2489,2750 2489,2749 2491,2749 2491,2748 2491,2749 2492,2749 2492,2750 2493,2750 2493,2751 2494,2751 2494,2777 2517,2777 2517,2778 2520,2778 2520,2780 2516,2780 2516,2781 2508,2781 2508,2782 2507,2782 2507,2783 2506,2783 2506,2784 2505,2784 2505,2790 2502,2790 2502,2789 2497,2789 2497,2788 2434,2788 2434,2787 2433,2787 2433,2786 2432,2786 2432,2785 2306,2785 2306,2786 2305,2786 2305,2787 2304,2787 2304,2788 2303,2788 2303,2789 2299,2789 2299,2790 2298,2790 2298,2791 2296,2791 2296,2793 2295,2793 2295,2795 2294,2795 2294,2797 2292,2797 2292,2798 2285,2798 2285,2781 2215,2781 2215,2780 2214,2780 2214,2779 2215,2779 2215,2778 2217,2778 2217,2777 2218,2777 2218,2776 2220,2776 2220,2775 2221,2775 2221,2760 2222,2760 2222,2759 2226,2759 2226,2758 2242,2758 2242,2757 2244,2757 2244,2756 2246,2756 2246,2755 2247,2755 2247,2754 2248,2754 2248,2752 2249,2752 2249,2751 2250,2751 2250,2750 2251,2750 2251,2749 2252,2749 2252,2748 2257,2748 2257,2747" />
        <TextEquiv>
          <Unicode>&lt;gap/&gt; punishment</Unicode>
        </TextEquiv>
      </TextLine>
      <TextLine id="6546">
        <Coords points="766,2794 755,2808 748,2819 741,2828 735,2841 732,2853 721,2860 710,2867 705,2878 703,2889 712,2896 724,2898 749,2898 766,2901 778,2905 791,2907 805,2907 817,2908 835,2908 853,2912 873,2916 887,2917 903,2919 916,2923 937,2923 957,2926 1026,2926 1037,2924 1057,2917 1069,2914 1082,2910 1103,2905 1116,2903 1499,2903 1516,2905 1532,2907 1542,2908 1562,2910 1746,2910 1771,2914 1903,2914 1926,2916 2042,2916 2062,2914 2080,2908 2094,2907 2114,2903 2137,2896 2151,2896 2169,2891 2192,2889 2348,2889 2364,2887 2385,2882 2396,2880 2423,2874 2435,2873 2458,2869 2474,2866 2491,2864 2519,2864 2530,2860 2539,2853 2544,2841 2544,2830 2539,2819 2526,2810 2514,2808 2503,2808 2491,2807 2480,2805 2469,2803 2458,2799 2448,2796 2435,2792 2408,2792 2398,2794 2382,2798 2371,2799 2358,2799 2348,2801 2333,2801 2321,2805 2310,2807 2298,2808 2285,2810 2273,2812 2267,2803 2255,2798 2237,2796 2226,2796 2214,2794 2201,2787 2196,2778 2187,2773 2173,2771 2139,2771 2128,2773 2117,2776 2105,2776 2092,2778 2019,2778 2003,2780 1992,2780 1982,2783 1869,2783 1855,2782 1828,2782 1798,2778 1783,2776 1771,2774 1757,2773 1657,2773 1635,2774 1555,2774 1530,2776 1371,2776 1355,2778 1316,2778 1303,2780 1235,2780 1217,2782 958,2782 932,2785 901,2792 882,2796 867,2799 841,2803 764,2803" />
        <TextEquiv>
          <Unicode>business of a silversmith or a button maker. If then a</Unicode>
        </TextEquiv>
      </TextLine>
      <TextLine id="6547">
        <Coords points="2032,2941 2037,2941 2037,2944 2038,2944 2038,2946 2039,2946 2039,2950 2040,2950 2040,2952 2041,2952 2041,2953 2042,2953 2042,2956 2043,2956 2043,2961 2044,2961 2044,2962 2045,2962 2045,2965 2046,2965 2046,2967 2368,2967 2368,2968 2369,2968 2369,2976 2441,2976 2441,2977 2442,2977 2442,2978 2441,2978 2441,2979 2436,2979 2436,2980 2434,2980 2434,2983 2433,2983 2433,2984 2432,2984 2432,2986 2431,2986 2431,2998 2430,2998 2430,2999 2427,2999 2427,3000 2425,3000 2425,3001 2386,3001 2386,3002 2381,3002 2381,3003 2356,3003 2356,3004 2353,3004 2353,3005 2352,3005 2352,3006 2350,3006 2350,3007 2332,3007 2332,3013 2067,3013 2067,3022 1997,3022 1997,3025 1996,3025 1996,3026 1993,3026 1993,3027 1810,3027 1810,3033 1809,3033 1809,3034 1804,3034 1804,3035 1604,3035 1604,3038 1603,3038 1603,3039 1601,3039 1601,3038 1595,3038 1595,3021 1593,3021 1593,3019 1070,3019 1070,3033 1067,3033 1067,3034 926,3034 926,3035 925,3035 925,3036 924,3036 924,3037 923,3037 923,3038 921,3038 921,3039 920,3039 920,3041 919,3041 919,3042 918,3042 918,3043 917,3043 917,3044 915,3044 915,3045 914,3045 914,3046 913,3046 913,3047 912,3047 912,3041 844,3041 844,3040 755,3040 755,3035 754,3035 754,2998 753,2998 753,2971 754,2971 754,2967 924,2967 924,2966 925,2966 925,2965 926,2965 926,2964 928,2964 928,2963 929,2963 929,2962 930,2962 930,2960 932,2960 932,2959 934,2959 934,2960 980,2960 980,2961 982,2961 982,2965 1095,2965 1095,2966 1097,2966 1097,2967 1098,2967 1098,2968 1099,2968 1099,2971 1104,2971 1104,2972 1106,2972 1106,2978 1115,2978 1115,2979 1116,2979 1116,2988 1164,2988 1164,2989 1165,2989 1165,2991 1166,2991 1166,2993 1167,2993 1167,2994 1195,2994 1195,2997 1194,2997 1194,2999 1741,2999 1741,2997 1742,2997 1742,2996 1743,2996 1743,2995 1744,2995 1744,2994 1745,2994 1745,2993 1746,2993 1746,2992 1747,2992 1747,2991 1748,2991 1748,2990 1749,2990 1749,2988 1750,2988 1750,2987 1751,2987 1751,2986 1752,2986 1752,2985 1753,2985 1753,2984 1754,2984 1754,2983 1755,2983 1755,2982 1757,2982 1757,2981 1758,2981 1758,2980 1760,2980 1760,2979 1957,2979 1957,2978 1958,2978 1958,2977 1959,2977 1959,2976 1977,2976 1977,2975 1978,2975 1978,2974 1981,2974 1981,2973 2032,2973" />
        <TextEquiv>
          <Unicode>A a greater than even that</Unicode>
        </TextEquiv>
      </TextLine>
      <TextLine id="6548">
        <Coords points="1315,3031 1328,3031 1328,3032 1329,3032 1329,3033 1330,3033 1330,3062 1467,3062 1467,3061 1468,3061 1468,3060 1469,3060 1469,3059 1470,3059 1470,3058 1471,3058 1471,3057 1472,3057 1472,3055 1473,3055 1473,3054 1474,3054 1474,3053 1475,3053 1475,3052 1476,3052 1476,3050 1477,3050 1477,3048 1478,3048 1478,3047 1479,3047 1479,3046 1480,3046 1480,3044 1481,3044 1481,3042 1482,3042 1482,3040 1483,3040 1483,3039 1484,3039 1484,3037 1485,3037 1485,3036 1486,3036 1486,3034 1488,3034 1488,3033 1488,3034 1489,3034 1489,3035 1490,3035 1490,3041 1593,3041 1593,3040 1655,3040 1655,3039 1656,3039 1656,3038 1657,3038 1657,3037 1658,3037 1658,3036 1671,3036 1671,3058 1787,3058 1787,3056 1788,3056 1788,3055 1789,3055 1789,3054 1790,3054 1790,3053 1791,3053 1791,3050 1792,3050 1792,3049 1793,3049 1793,3048 1794,3048 1794,3047 1795,3047 1795,3046 1796,3046 1796,3044 1797,3044 1797,3043 1798,3043 1798,3042 1799,3042 1799,3041 1800,3041 1800,3039 1801,3039 1801,3038 1802,3038 1802,3037 1805,3037 1805,3036 1832,3036 1832,3035 1833,3035 1833,3034 1834,3034 1834,3033 1835,3033 1835,3032 1836,3032 1836,3031 1839,3031 1839,3030 1840,3030 1840,3029 1842,3029 1842,3028 1844,3028 1844,3027 1846,3027 1846,3026 1920,3026 1920,3027 1921,3027 1921,3028 2063,3028 2063,3024 2068,3024 2068,3027 2069,3027 2069,3028 2129,3028 2129,3029 2132,3029 2132,3030 2134,3030 2134,3031 2135,3031 2135,3032 2137,3032 2137,3033 2138,3033 2138,3034 2276,3034 2276,3032 2278,3032 2278,3031 2279,3031 2279,3030 2280,3030 2280,3029 2281,3029 2281,3028 2283,3028 2283,3027 2326,3027 2326,3022 2327,3022 2327,3018 2328,3018 2328,3017 2329,3017 2329,3016 2331,3016 2331,3015 2333,3015 2333,3014 2338,3014 2338,3012 2341,3012 2341,3011 2344,3011 2344,3010 2349,3010 2349,3011 2352,3011 2352,3012 2354,3012 2354,3013 2357,3013 2357,3014 2359,3014 2359,3015 2360,3015 2360,3016 2361,3016 2361,3017 2362,3017 2362,3018 2364,3018 2364,3019 2365,3019 2365,3020 2366,3020 2366,3021 2367,3021 2367,3023 2470,3023 2470,3022 2471,3022 2471,3021 2472,3021 2472,3020 2498,3020 2498,3019 2499,3019 2499,3018 2500,3018 2500,3017 2501,3017 2501,3016 2503,3016 2503,3015 2504,3015 2504,3014 2505,3014 2505,3013 2507,3013 2507,3012 2509,3012 2509,3011 2512,3011 2512,3012 2513,3012 2513,3013 2514,3013 2514,3015 2515,3015 2515,3050 2549,3050 2549,3051 2550,3051 2549,3051 2549,3052 2547,3052 2547,3053 2544,3053 2544,3054 2540,3054 2540,3055 2538,3055 2538,3056 2537,3056 2537,3057 2535,3057 2535,3058 2532,3058 2532,3060 2531,3060 2531,3061 2524,3061 2524,3062 2522,3062 2522,3063 2520,3063 2520,3064 2512,3064 2512,3065 2485,3065 2485,3072 2481,3072 2481,3071 2479,3071 2479,3070 2364,3070 2364,3071 2359,3071 2359,3070 2351,3070 2351,3069 2348,3069 2348,3067 2242,3067 2242,3079 2240,3079 2240,3080 2237,3080 2237,3081 2228,3081 2228,3082 2226,3082 2226,3083 2224,3083 2224,3084 2223,3084 2223,3085 2222,3085 2222,3086 2220,3086 2220,3087 2219,3087 2219,3088 2218,3088 2218,3090 2217,3090 2217,3092 2216,3092 2216,3094 2215,3094 2215,3095 2214,3095 2214,3096 2213,3096 2213,3100 2212,3100 2212,3103 2211,3103 2211,3105 2210,3105 2210,3106 2209,3106 2209,3108 2208,3108 2208,3109 2207,3109 2207,3112 2206,3112 2206,3114 2204,3114 2204,3115 2203,3115 2203,3116 2202,3116 2202,3118 2201,3118 2201,3120 2200,3120 2200,3121 2198,3121 2198,3122 2197,3122 2197,3124 2196,3124 2196,3125 2195,3125 2195,3126 2193,3126 2193,3127 2192,3127 2192,3128 2191,3128 2191,3129 2190,3129 2190,3130 2188,3130 2188,3131 2184,3131 2184,3132 2182,3132 2182,3133 2108,3133 2108,3153 2103,3153 2103,3149 2102,3149 2102,3146 2101,3146 2101,3142 2100,3142 2100,3139 2099,3139 2099,3138 2098,3138 2098,3134 2097,3134 2097,3132 2096,3132 2096,3129 2095,3129 2095,3125 2094,3125 2094,3122 2093,3122 2093,3117 2092,3117 2092,3114 2091,3114 2091,3112 2090,3112 2090,3107 2089,3107 2089,3104 2088,3104 2088,3102 2087,3102 2087,3100 2086,3100 2086,3096 2085,3096 2085,3093 2084,3093 2084,3088 2083,3088 2083,3084 2082,3084 2082,3081 2081,3081 2081,3079 1978,3079 1978,3083 1977,3083 1977,3084 1976,3084 1976,3087 1975,3087 1975,3088 1973,3088 1973,3090 1972,3090 1972,3091 1971,3091 1971,3092 1970,3092 1970,3093 1969,3093 1969,3094 1968,3094 1968,3095 1967,3095 1967,3096 1966,3096 1966,3097 1965,3097 1965,3098 1964,3098 1964,3099 1962,3099 1962,3100 1961,3100 1961,3101 1959,3101 1959,3102 1957,3102 1957,3103 1955,3103 1955,3104 1892,3104 1892,3142 1888,3142 1888,3143 1883,3143 1883,3081 1688,3081 1688,3082 1685,3082 1685,3083 1682,3083 1682,3082 1681,3082 1681,3081 1632,3081 1632,3080 1530,3080 1530,3081 1528,3081 1528,3082 1478,3082 1478,3086 1477,3086 1477,3088 1475,3088 1475,3089 1473,3089 1473,3088 1472,3088 1472,3084 1349,3084 1349,3085 1329,3085 1329,3086 1327,3086 1327,3087 1272,3087 1272,3090 1271,3090 1271,3092 1270,3092 1270,3094 1269,3094 1269,3096 1268,3096 1268,3098 1267,3098 1267,3099 1266,3099 1266,3101 1265,3101 1265,3103 1264,3103 1264,3105 1263,3105 1263,3107 1262,3107 1262,3108 1261,3108 1261,3110 1260,3110 1260,3112 1259,3112 1259,3114 1258,3114 1258,3115 1257,3115 1257,3117 1256,3117 1256,3119 1255,3119 1255,3120 1254,3120 1254,3122 1253,3122 1253,3124 1252,3124 1252,3125 1251,3125 1251,3126 1250,3126 1250,3127 1249,3127 1249,3128 1248,3128 1248,3130 1247,3130 1247,3132 1246,3132 1246,3133 1245,3133 1245,3135 1237,3135 1237,3090 1127,3090 1127,3091 1124,3091 1124,3092 1104,3092 1104,3093 1103,3093 1103,3095 1102,3095 1102,3097 1101,3097 1101,3098 1100,3098 1100,3099 1099,3099 1099,3100 1098,3100 1098,3102 1097,3102 1097,3104 1096,3104 1096,3106 1095,3106 1095,3107 1094,3107 1094,3109 1093,3109 1093,3110 1092,3110 1092,3112 1090,3112 1090,3113 1088,3113 1088,3114 1088,3113 1087,3113 1087,3089 983,3089 983,3090 981,3090 981,3091 976,3091 976,3092 973,3092 973,3093 972,3093 972,3094 954,3094 954,3100 953,3100 953,3102 952,3102 952,3105 951,3105 951,3112 950,3112 950,3115 949,3115 949,3123 948,3123 948,3126 947,3126 947,3136 946,3136 946,3137 941,3137 941,3133 940,3133 940,3098 823,3098 823,3099 821,3099 821,3100 818,3100 818,3101 816,3101 816,3102 813,3102 813,3103 811,3103 811,3104 809,3104 809,3105 757,3105 757,3109 756,3109 756,3113 756,3112 755,3112 755,3105 754,3105 754,3090 753,3090 753,3089 740,3089 740,3088 739,3088 740,3088 740,3087 742,3087 742,3086 744,3086 744,3085 748,3085 748,3084 752,3084 752,3080 753,3080 753,3079 754,3079 754,3046 755,3046 755,3042 755,3044 756,3044 756,3046 835,3046 835,3047 837,3047 837,3049 841,3049 841,3050 842,3050 842,3053 843,3053 843,3062 945,3062 945,3061 946,3061 946,3059 947,3059 947,3058 948,3058 948,3057 950,3057 950,3056 960,3056 960,3052 961,3052 961,3050 962,3050 962,3049 963,3049 963,3047 965,3047 965,3046 967,3046 967,3048 968,3048 968,3056 987,3056 987,3057 988,3057 988,3063 1111,3063 1111,3062 1112,3062 1112,3061 1115,3061 1115,3057 1117,3057 1117,3055 1118,3055 1118,3053 1119,3053 1119,3052 1120,3052 1120,3051 1121,3051 1121,3050 1122,3050 1122,3049 1124,3049 1124,3048 1125,3048 1125,3047 1127,3047 1127,3046 1128,3046 1128,3045 1131,3045 1131,3069 1248,3069 1248,3068 1249,3068 1249,3051 1250,3051 1250,3050 1251,3050 1251,3049 1252,3049 1252,3048 1285,3048 1285,3046 1286,3046 1286,3044 1287,3044 1287,3042 1288,3042 1288,3041 1289,3041 1289,3040 1290,3040 1290,3036 1291,3036 1291,3035 1292,3035 1292,3028 1293,3028" />
        <TextEquiv>
          <Unicode>&lt;gap/&gt; punishment such as that of scalding to death</Unicode>
        </TextEquiv>
      </TextLine>
      <TextLine id="6549">
        <Coords points="837,3132 824,3141 814,3146 803,3153 792,3162 778,3178 769,3191 764,3201 758,3210 762,3221 773,3226 939,3214 951,3214 962,3216 971,3226 982,3230 992,3233 1003,3235 1017,3233 1028,3233 1041,3237 1053,3239 1066,3239 1080,3237 1089,3228 1098,3221 1105,3212 1117,3207 1125,3199 1132,3189 1133,3178 1133,3167 1116,3162 1103,3162 1092,3158 1078,3151 1067,3149 1048,3146 1032,3146 1019,3142 962,3142 944,3144 878,3144 867,3142 853,3133 842,3128 832,3126" />
        <TextEquiv>
          <Unicode>for robbery</Unicode>
        </TextEquiv>
      </TextLine>
      <TextLine id="6550">
        <Coords points="799,3248 787,3255 776,3257 766,3260 758,3267 749,3273 739,3282 733,3291 735,3301 748,3307 760,3308 776,3310 794,3314 1066,3314 1092,3317 1112,3319 1128,3321 1139,3323 1158,3326 1171,3328 1191,3332 1205,3335 1223,3339 1233,3341 1249,3344 1264,3346 1714,3346 1733,3344 1751,3342 1769,3339 1783,3337 1796,3335 1826,3335 1844,3337 1857,3339 1874,3341 1887,3342 1914,3342 1924,3346 1939,3346 1951,3349 1962,3351 2024,3351 2035,3344 2044,3335 2051,3324 2058,3310 2066,3299 2076,3294 2087,3292 2101,3292 2116,3294 2150,3294 2166,3291 2187,3291 2212,3285 2226,3283 2237,3282 2251,3280 2267,3276 2278,3274 2410,3274 2428,3278 2455,3278 2473,3276 2489,3273 2498,3266 2499,3253 2503,3241 2503,3228 2501,3217 2496,3205 2491,3196 2483,3187 2469,3182 2446,3180 2426,3176 2412,3174 2350,3174 2330,3176 2273,3176 2250,3178 2225,3182 2185,3185 2100,3185 2073,3187 1969,3187 1923,3191 1867,3191 1835,3194 1810,3194 1791,3196 1735,3196 1712,3194 1701,3191 1692,3183 1682,3176 1673,3169 1658,3162 1646,3160 1632,3157 1617,3155 1599,3153 1537,3153 1514,3157 1494,3162 1469,3166 1439,3171 1394,3176 1367,3182 1339,3185 1314,3191 1301,3191 1282,3194 1264,3198 1241,3199 1217,3203 1207,3207 1187,3212 1173,3217 1160,3221 1148,3226 1137,3228 1126,3233 1116,3237 1105,3241 1092,3244 1078,3249 1066,3253 1042,3253 1033,3248 1025,3239 1012,3235 998,3237 985,3235 973,3232 962,3230 948,3226 919,3226 844,3224" />
        <TextEquiv>
          <Unicode>which is employed in France be hung over his head</Unicode>
        </TextEquiv>
      </TextLine>
      <TextLine id="6551">
        <Coords points="2151,3292 2151,3296 2152,3296 2152,3297 2332,3297 2332,3298 2341,3298 2341,3299 2346,3299 2346,3300 2347,3300 2347,3301 2351,3301 2351,3302 2352,3302 2352,3303 2353,3303 2353,3304 2354,3304 2354,3306 2355,3306 2355,3307 2364,3307 2364,3308 2378,3308 2378,3309 2379,3309 2379,3310 2378,3310 2378,3311 2377,3311 2377,3313 2369,3313 2369,3314 2363,3314 2363,3316 2361,3316 2361,3317 2359,3317 2359,3318 2358,3318 2358,3321 2357,3321 2357,3323 2356,3323 2356,3325 2355,3325 2355,3326 2354,3326 2354,3327 2353,3327 2353,3329 2241,3329 2241,3338 2240,3338 2240,3339 2234,3339 2234,3340 2231,3340 2231,3341 2227,3341 2227,3365 2226,3365 2226,3367 2223,3367 2223,3368 2221,3368 2221,3369 2220,3369 2220,3370 2219,3370 2219,3371 2212,3371 2212,3372 2210,3372 2210,3373 2185,3373 2185,3383 2182,3383 2182,3384 2181,3384 2181,3382 2180,3382 2180,3379 2179,3379 2179,3377 2024,3377 2024,3376 2023,3376 2023,3375 2022,3375 2022,3373 2023,3373 2023,3370 2024,3370 2024,3369 2025,3369 2025,3368 2026,3368 2026,3365 2027,3365 2027,3362 2028,3362 2028,3361 2029,3361 2029,3360 2031,3360 2031,3359 2032,3359 2032,3358 2034,3358 2034,3357 2036,3357 2036,3356 2070,3356 2070,3320 2071,3320 2071,3319 2072,3319 2072,3318 2075,3318 2075,3317 2146,3317 2146,3292" />
        <TextEquiv>
          <Unicode>into the ser</Unicode>
        </TextEquiv>
      </TextLine>
      <TextLine id="6552">
        <Coords points="2452,3319 2452,3336 2473,3336 2473,3337 2475,3337 2475,3344 2478,3344 2478,3345 2489,3345 2489,3346 2493,3346 2493,3347 2498,3347 2498,3348 2500,3348 2500,3349 2507,3349 2507,3350 2510,3350 2510,3351 2513,3351 2513,3352 2516,3352 2516,3353 2519,3353 2519,3354 2521,3354 2521,3355 2523,3355 2523,3356 2524,3356 2524,3358 2535,3358 2535,3359 2536,3359 2536,3361 2535,3361 2535,3363 2528,3363 2528,3364 2525,3364 2525,3365 2523,3365 2523,3366 2522,3366 2522,3367 2519,3367 2519,3368 2499,3368 2499,3369 2438,3369 2438,3373 2437,3373 2437,3374 2431,3374 2431,3375 2411,3375 2411,3377 2409,3377 2409,3378 2408,3378 2408,3379 2407,3379 2407,3381 2406,3381 2406,3384 2405,3384 2405,3385 2404,3385 2404,3386 2403,3386 2403,3387 2402,3387 2402,3389 2400,3389 2400,3390 2398,3390 2398,3392 2397,3392 2397,3394 2395,3394 2395,3395 2394,3395 2394,3396 2393,3396 2393,3398 2392,3398 2392,3399 2391,3399 2391,3401 2390,3401 2390,3402 2389,3402 2389,3403 2387,3403 2387,3404 2386,3404 2386,3405 2385,3405 2385,3406 2384,3406 2384,3407 2380,3407 2380,3406 2379,3406 2379,3405 2378,3405 2378,3397 2185,3397 2185,3395 2184,3395 2184,3393 2183,3393 2183,3390 2182,3390 2182,3387 2181,3387 2181,3386 2184,3386 2184,3385 2264,3385 2264,3356 2265,3356 2265,3355 2267,3355 2267,3354 2269,3354 2269,3352 2270,3352 2270,3351 2272,3351 2272,3350 2273,3350 2273,3349 2346,3349 2346,3348 2347,3348 2347,3331 2411,3331 2411,3330 2412,3330 2412,3329 2437,3329 2437,3328 2438,3328 2438,3327 2439,3327 2439,3326 2440,3326 2440,3325 2441,3325 2441,3323 2442,3323 2442,3322 2443,3322 2443,3321 2444,3321 2444,3320 2445,3320 2445,3319" />
        <TextEquiv>
          <Unicode>commission</Unicode>
        </TextEquiv>
      </TextLine>
      <TextLine id="6553">
        <Coords points="787,3401 774,3403 762,3410 757,3419 748,3433 742,3449 739,3466 739,3487 742,3499 748,3508 766,3510 787,3510 805,3512 912,3512 923,3516 935,3523 948,3526 978,3524 1001,3521 1014,3517 1033,3514 1051,3512 1069,3510 1082,3507 1105,3503 1116,3501 1130,3496 1185,3496 1201,3499 1217,3503 1233,3505 1260,3505 1278,3508 1291,3510 1321,3514 1332,3514 1346,3516 1407,3516 1419,3514 1487,3514 1501,3512 1523,3508 1582,3508 1601,3507 1799,3507 1821,3508 1841,3508 1858,3512 1873,3514 1935,3514 1946,3512 1957,3508 1967,3505 1985,3498 1998,3491 2008,3485 2021,3482 2046,3491 2066,3498 2078,3505 2091,3508 2105,3510 2123,3514 2133,3516 2148,3517 2323,3517 2346,3516 2398,3507 2410,3505 2423,3499 2439,3496 2453,3492 2471,3489 2485,3487 2499,3482 2510,3478 2519,3469 2523,3458 2523,3446 2516,3437 2508,3430 2498,3424 2485,3423 2392,3423 2380,3419 2366,3417 2353,3417 2337,3416 2321,3414 2310,3412 2291,3412 2278,3410 2262,3407 2250,3407 2235,3405 2214,3401 2203,3401 2183,3405 2139,3405 2121,3403 2108,3399 2098,3398 2082,3396 2066,3394 2053,3391 1605,3391 1592,3389 1580,3385 1503,3385 1489,3383 1474,3382 1458,3378 1442,3376 1428,3373 1412,3371 1401,3369 1378,3366 1362,3364 1191,3364 1178,3366 1158,3366 1142,3367 1126,3369 1112,3371 1101,3371 1078,3376 1048,3382 1021,3382 994,3387 974,3391 949,3392 939,3396 916,3398 899,3401 864,3407 778,3407" />
        <TextEquiv>
          <Unicode>it may have its effect, without driving him &lt;gap/&gt;</Unicode>
        </TextEquiv>
      </TextLine>
      <TextLine id="6554">
        <Coords points="814,3525 801,3535 792,3542 773,3557 755,3569 737,3583 724,3592 717,3601 716,3612 724,3621 739,3628 755,3630 767,3632 780,3632 796,3628 805,3621 814,3612 830,3607 842,3605 989,3605 999,3608 1012,3612 1028,3614 1044,3617 1058,3619 1075,3621 1108,3621 1125,3616 1135,3607 1153,3598 1194,3598 1210,3603 1223,3603 1239,3605 1249,3607 1264,3608 1310,3608 1323,3603 1335,3596 1346,3592 1369,3592 1385,3591 1399,3587 1414,3582 1426,3576 1471,3576 1487,3578 1503,3580 1528,3580 1546,3582 1614,3582 1624,3583 1660,3583 1671,3585 1685,3585 1698,3587 1716,3589 1760,3594 1823,3594 1837,3592 1849,3589 1862,3587 1880,3585 1989,3585 2008,3587 2114,3587 2130,3589 2176,3589 2185,3583 2196,3573 2201,3564 2205,3549 2194,3541 2185,3535 2171,3530 2150,3524 2112,3524 2098,3523 2085,3521 2075,3519 2060,3512 2048,3503 2035,3499 1994,3499 1980,3503 1964,3505 1953,3508 1933,3512 1921,3512 1908,3516 1898,3517 1864,3517 1851,3519 1837,3519 1826,3516 1814,3514 1799,3512 1785,3510 1746,3510 1733,3507 1721,3507 1705,3505 1678,3505 1660,3507 1610,3507 1589,3508 1562,3508 1542,3514 1524,3516 1508,3519 1492,3521 1480,3524 1401,3524 1387,3523 1362,3523 1351,3521 1341,3519 1330,3517 1317,3517 1305,3514 1237,3514 1221,3512 1210,3512 1191,3508 1171,3507 1160,3505 1148,3503 1105,3503 1091,3505 1080,3510 1062,3514 1051,3516 1041,3517 1026,3519 1016,3521 1001,3523 989,3524 976,3528 842,3528 832,3530 810,3532 796,3533 785,3535" />
        <TextEquiv>
          <Unicode>practise of robbery the more atrocious offence:</Unicode>
        </TextEquiv>
      </TextLine>
      <TextLine id="6555">
        <Coords points="748,3642 741,3653 733,3664 735,3676 742,3685 753,3687 783,3692 842,3701 878,3708 908,3714 939,3717 966,3719 992,3721 1367,3721 1432,3714 1476,3708 1510,3701 1542,3694 1567,3691 1599,3687 1764,3687 1728,3696 1701,3701 1723,3708 1769,3714 1794,3719 1807,3723 1833,3726 1871,3732 1983,3732 2012,3726 2037,3723 2062,3721 2085,3721 2105,3717 2121,3714 2144,3710 2164,3708 2183,3707 2326,3707 2344,3705 2358,3705 2375,3708 2385,3710 2437,3710 2458,3708 2471,3705 2485,3698 2494,3692 2503,3682 2507,3671 2507,3644 2505,3630 2501,3614 2491,3598 2473,3587 2433,3571 2401,3567 2380,3564 2360,3560 2342,3558 2300,3558 2289,3560 2276,3564 2255,3567 2237,3569 2219,3573 2208,3576 2192,3582 2171,3585 2148,3591 1880,3591 1864,3594 1844,3596 1832,3596 1821,3598 1571,3598 1557,3596 1546,3594 1532,3592 1510,3589 1498,3587 1485,3585 1471,3582 1451,3580 1441,3578 1414,3578 1403,3580 1391,3583 1378,3587 1367,3592 1355,3598 1344,3603 1332,3608 1321,3612 1310,3616 1266,3616 1249,3617 1237,3621 1178,3621 1166,3619 1153,3619 1132,3621 1116,3624 1098,3628 1083,3630 1067,3632 1042,3632 1030,3630 989,3630 976,3626 966,3624 951,3621 935,3617 923,3616 837,3616 826,3617 810,3619 798,3623 787,3626 773,3632 760,3637 741,3646" />
        <TextEquiv>
          <Unicode>&lt;gap/&gt; &lt;gap/&gt; : instead of driving him on to robbery</Unicode>
        </TextEquiv>
      </TextLine>
      <TextLine id="6556">
        <Coords points="783,3792 773,3798 764,3805 755,3812 744,3821 735,3832 726,3837 721,3849 721,3860 732,3869 744,3874 764,3882 776,3885 803,3892 816,3894 853,3901 887,3907 924,3914 966,3921 1010,3928 1028,3932 1046,3935 1062,3937 1182,3937 1198,3939 1232,3939 1257,3941 1448,3941 1480,3939 1699,3939 1719,3937 1737,3933 1749,3928 1764,3923 1782,3916 1792,3912 1814,3912 1824,3914 1835,3914 1849,3917 1873,3921 1883,3924 1896,3928 1907,3932 1921,3935 1932,3937 1946,3942 1962,3948 1976,3955 1992,3960 2012,3967 2023,3969 2060,3969 2076,3967 2087,3966 2098,3966 2110,3964 2125,3964 2141,3967 2160,3969 2173,3971 2185,3974 2203,3976 2226,3980 2310,3980 2321,3982 2339,3985 2360,3987 2458,3987 2474,3983 2501,3978 2524,3973 2542,3969 2558,3966 2569,3960 2578,3953 2585,3944 2591,3935 2596,3923 2596,3889 2594,3867 2594,3849 2591,3833 2589,3810 2589,3780 2587,3767 2578,3751 2569,3744 2555,3737 2541,3733 2526,3732 2507,3730 2496,3728 2485,3726 2469,3726 2439,3732 2419,3733 2094,3733 2069,3735 2016,3735 1978,3739 1948,3744 1933,3748 1916,3751 1889,3755 1876,3757 1857,3757 1839,3758 1823,3762 1551,3762 1524,3764 1487,3766 1457,3767 846,3767 824,3769 812,3771 801,3774 773,3798 764,3803" />
        <TextEquiv>
          <Unicode>or murder it may only drive him back to buttonmaking.]</Unicode>
        </TextEquiv>
      </TextLine>
    </TextRegion>
  </Page>
</PcGts>