2731 4096
378 246 1494 420 Offences against the Coin
194 524 1976 691 the reasons that have been given more particularly so
207 724 1933 818 with this; insomuch that it might be worth while to
994 849 1063 896 the
207 905 1956 1006 incur some hazard in this experiment for the sake of
205 1048 1999 1214 trying the efficacy of such milder remedies: I mean that
1910 1241 1994 1332 by
203 1277 1994 1432 hazard, whatever it might be, which might be incured for
205 1451 1987 1683 reducing, for a time at least, the punishment of coining
209 1684 1982 1856 to a level with that of theft. I do not say that any
239 1918 1983 2044 difference in point of punishment will bring back rob=-
195 2116 2035 2233 -=bers and convert them into coiners; but it may prevent
721 2226 1228 2350 being corrupted
237 2276 1989 2437 coiners from rising into robbers. Now though nothing
230 2512 2019 2660 is less true than that any robber will do for a coiner, yet
233 2692 1532 2856 almost any Coiner will do for a robber.
311 2924 2014 3049 (one thing it is true is to be considered) on the other
244 3127 2022 3271 side that in general a thief or sharper or a robber who has
236 3294 2006 3441 followed any of these occupations for a length of time
248 3536 1994 3645 cannot of himself turn to anything else: so that he has
1346 3715 1415 3752 the
241 3752 2028 3879 nothing left for it but to go on in track he is in till he
1876 3873 2024 3946 is -
