2731 4096
955 262 2167 457 Offences against the Coin
757 528 2523 678 to so terrible a death and if by chance such a man
746 708 2560 869 were to be found the Offices of Justice from the lowest
742 937 2541 1062 to the highest would all be setting themselves to work
733 1098 2514 1230 to find out pretences for enabling the offender to get
744 1260 2562 1428 clear. Where he even convicted, this business would not
742 1528 2487 1666 be much the forwarder for it: for no King that has
750 1691 2473 1841 even sat on the English throne since James 2.d could
753 1926 2528 2046 bear to let such an offender suffer such a death nor
755 2142 2576 2230 were he disposed to bear it would the people be patient
760 2326 1635 2451 witnesses of his Patience
1046 2467 2526 2653 In France there is a greater variety of coin
758 2714 2530 2878 there than in England and yet but little of it bad. In
737 2926 2541 3071 France the punishment for coining is capital, and that
776 3125 2539 3298 it must be confessed if a very afflictive kind, scalding to
760 3325 2532 3466 death. In England there is a vast quantity of bad coin and
737 3539 2553 3698 yet the punishment is capital In the Austrian domin-
726 3741 2541 3887 -ions there is as little bad coin in France, and yet the
2071 3892 2541 3980 punishment
