2731 4096
1014 119 1227 175 THEFT
1026 244 2588 446 carrying away" must be of the personal Goods+
2184 405 2325 467 would
1025 447 2610 625 an Expression which the lay Reader will find not
1030 601 2584 781 to include many of the Articles he would expect
1035 752 2590 855 it should: tho' this was not to behelpen by the
1029 906 2608 1042 author for whom there was no bettwe Expression to
1025 1084 1790 1167 substitute init's Room
1326 1226 2505 1378 'Tis these Articles together with the
1031 1376 2581 1477 others excluded by the term personal as opposed to
1037 1504 2557 1622 real, as we shall see presently that compose (the
1041 1663 2584 1796 Complement as a Mathematician would call it)
1046 1820 2612 1955 that which is wanted in the Idea of Larceny to make
1047 1969 2507 2079 it equiample in extent to that of theft: to say
1028 2127 2502 2320 nothing here of that Corner whereby, projecting
1031 2292 2502 2466 beg and Theft so limited and defined as above, it
1033 2444 1887 2533 trenches upon Embezzlement
1205 2525 2582 2699 And lastly these Goods must be "of another": ||
1468 2659 2436 2735 Twas but the that the author had
1056 2714 2632 2872 note, he had in the page before been mentioning two
2090 2807 2174 2857 on
1059 2839 2608 2993 cases where a man may commit it of Goods that are
1057 2998 1322 3076 his own
1281 3144 2640 3294 These singular cases tho' in direct Contradiction
1073 3287 2635 3448 to this Definition, may be brought without Violence
1057 3432 2591 3539 within that which we have proposed above: however
1074 3579 2581 3737 to preclude all possibility of Doubt it may perhaps
2442 3706 2578 3809 be
1079 3838 2097 3931 + 4 Comm. 232 || 4 Comm. 232
