2731 4096
1071 296 2356 490 Simple Personal Injuries
756 533 2095 636 was more than adequately intentional
897 672 2601 814 Where an act that proves eventually detrimental
717 913 2532 1037 [to a person] was unintentional with respect to the
895 1021 2532 1119 or any part of it, such act may as to so much of the damage [+]
754 1077 2508 1223 eventual damage,^ it may either have been heedless
748 1245 2492 1371 or not heedless. It is termed heedless where it appears that
1125 1362 2534 1439 employ'd such and so much reflection as would have [|]
746 1435 2531 1557 the agent ought to have ^ <gap/> producing the damage that
752 1576 2632 1726 eventually ensued; inasmuch as a person of ordinary pru=-
722 1730 2469 1941 -=dence might with an ordinary share of caution, have
755 1878 2373 2068 foreseen the probability of it's resulting from the act.
1025 2047 2490 2140 Thus if the damage consists in the bodily pain
969 2120 2552 2228 Thus if it should appear for example that you had no
770 2197 2557 2288 you have occasioned a man by striking him, and it appears
732 2256 1980 2332 that you had no him porter
696 2283 2489 2434 ^ particular intention of striking ^ <gap/> but yet that he
758 2470 2546 2572 was close to you insomuch that if you had but looked round
1095 2611 1174 2678 h
776 2612 2485 2752 to observe ^whther any person was in the way you must
772 2820 2490 2951 have seen him, it will appear that your striking him
774 2939 2562 3093 was an act of heedlessness. But this will not appear to have
776 3116 2558 3277 been the case if, at the time of your beginning to move, your
777 3333 2520 3453 arm, he was out of your reach, and was brought within it
766 3509 2536 3648 unexpectedly and by accident: for instance by a shove from
1369 3646 1649 3708 in a street
777 3683 2568 3866 another person, or upon his starting aside to avoid being
804 3825 1139 3896 trampled on
786 3892 1411 3999 run over by a horse.
2294 3956 2465 4020 The_
