<?xml version='1.0' encoding='utf-8'?>
<PcGts xmlns="http://schema.primaresearch.org/PAGE/gts/pagecontent/2013-07-15" xmlns:xsi="http://www.w3.org/2001/XMLSchema-instance" xsi:schemaLocation="http://schema.primaresearch.org/PAGE/gts/pagecontent/2013-07-15 http://schema.primaresearch.org/PAGE/gts/pagecontent/2013-07-15/pagecontent.xsd">
  <Metadata>
    <Creator>UPV-PRHLT</Creator>
    <Created>2013-03-08T03:03:58</Created>
    <LastChange>2015-12-14T11:11:37</LastChange>
  </Metadata>
  <Page imageFilename="073_083_003.jpg" imageHeight="4096" imageWidth="2731">
    <TextRegion id="t1">
      <Coords points="466,266 739,269 1089,294 1447,260 1730,259 1728,397 1728,398 1436,442 1402,500 1214,505 937,450 505,450 427,366 437,327" />
      <TextLine id="6646">
        <Coords points="1432,298 1443,298 1461,316 1625,316 1651,342 1694,342 1694,345 1691,348 1691,361 1690,362 1690,363 1689,364 1689,365 1687,367 1687,368 1685,370 1685,371 1679,377 1679,378 1677,380 1677,381 1675,383 1675,384 1674,385 1671,385 1670,386 1668,386 1667,387 1666,387 1665,388 1664,388 1663,389 1579,389 1578,390 1577,390 1576,391 1575,391 1573,393 1488,393 1419,462 1418,462 1417,463 1416,463 1412,467 1411,467 1409,469 1408,469 1406,471 1405,471 1403,473 1402,473 1401,474 1400,474 1399,475 1391,475 1341,425 663,425 643,405 499,405 498,404 494,404 492,402 487,402 486,401 485,401 485,400 484,399 484,398 483,397 483,396 482,395 482,393 481,392 481,389 482,388 482,384 483,383 483,381 484,380 484,379 485,378 485,377 487,375 487,374 488,373 493,373 494,372 512,372 573,311 574,311 581,304 583,304 584,303 585,303 586,302 1295,302 1296,301 1297,301 1298,300 1299,300 1300,299 1431,299" />
        <TextEquiv>
          <Unicode>Simple Personal Injuries</Unicode>
        </TextEquiv>
      </TextLine>
    </TextRegion>
    <TextRegion id="t2">
      <Coords points="242,523 1240,514 1859,481 1939,547 1953,586 1930,642 1930,644 1918,691 1918,694 1940,726 1940,728 1943,755 1943,884 1944,894 1956,913 1960,920 1965,947 1966,957 1966,966 1959,998 1957,1010 1956,1018 1997,2592 2002,3292 2013,3955 163,3920 142,2089 147,563" />
      <TextLine id="6647">
        <Coords points="1484,505 1487,505 1497,515 1831,515 1849,533 1891,533 1916,558 1934,558 1935,559 1939,559 1939,564 1940,565 1940,569 1936,569 1935,570 1932,570 1931,571 1910,571 1909,572 1907,572 1906,573 1855,573 1837,591 1816,591 1809,598 1808,598 1807,599 1806,599 1805,600 1804,600 1801,603 1800,603 1797,606 1796,606 1795,607 1794,607 1793,608 1792,608 1791,609 1789,609 1788,610 1392,610 1380,622 1365,622 1346,641 1344,641 1343,642 1337,642 1335,644 1334,644 1333,645 987,645 986,646 986,649 983,652 982,652 981,653 603,653 568,688 566,688 481,603 317,603 316,602 315,602 314,601 314,599 312,597 312,591 313,590 313,589 314,588 314,585 315,584 315,582 319,578 319,560 322,557 322,554 324,552 324,551 326,549 326,548 328,546 329,546 331,544 332,544 333,543 336,543 337,542 345,542 346,541 364,541 370,535 371,535 372,534 373,534 374,533 390,533 401,522 1377,522 1378,521 1379,521 1380,520 1383,520 1384,519 1388,519 1389,518 1391,518 1392,517 1472,517" />
        <TextEquiv>
          <Unicode>The Damage to the party may be said to be directly in=-</Unicode>
        </TextEquiv>
      </TextLine>
      <TextLine id="6648">
        <Coords points="1691,656 1691,657 1696,657 1696,658 1697,658 1697,659 1699,659 1699,660 1700,660 1700,682 1711,682 1711,684 1826,684 1826,685 1827,685 1827,686 1847,686 1847,687 1851,687 1851,688 1852,688 1852,702 1860,702 1860,703 1861,703 1860,703 1860,704 1856,704 1856,705 1855,705 1855,706 1852,706 1852,707 1822,707 1822,708 1821,708 1821,709 1820,709 1820,710 1818,710 1818,711 1816,711 1816,712 1814,712 1814,713 1813,713 1813,714 1812,714 1812,717 1811,717 1811,719 1810,719 1810,720 1808,720 1808,721 1806,721 1806,722 1803,722 1803,723 1800,723 1800,724 1797,724 1797,725 1797,724 1794,724 1794,722 1793,722 1793,700 1620,700 1620,701 1594,701 1594,702 1581,702 1581,703 1580,703 1580,704 1541,704 1541,705 1512,705 1512,706 1511,706 1511,707 1509,707 1509,708 1506,708 1506,707 1505,707 1505,706 1506,706 1506,705 1507,705 1507,704 1508,704 1508,703 1509,703 1509,701 1510,701 1510,700 1512,700 1512,699 1513,699 1513,698 1515,698 1515,697 1520,697 1520,696 1522,696 1522,695 1524,695 1524,694 1525,694 1525,692 1526,692 1526,690 1527,690 1527,689 1528,689 1528,688 1529,688 1529,687 1530,687 1530,686 1531,686 1531,685 1604,685 1604,684 1606,684 1606,683 1607,683 1607,682 1608,682 1608,681 1609,681 1609,680 1611,680 1611,679 1612,679 1612,678 1613,678 1613,677 1614,677 1614,676 1615,676 1615,675 1616,675 1616,674 1617,674 1617,673 1618,673 1618,672 1619,672 1619,671 1620,671 1620,670 1621,670 1621,669 1622,669 1622,668 1623,668 1623,667 1624,667 1624,666 1664,666 1664,665 1666,665 1666,664 1668,664 1668,663 1671,663 1671,662 1672,662 1672,661 1674,661 1674,660 1677,660 1677,659 1680,659 1680,658 1682,658 1682,657 1689,657 1689,656" />
        <TextEquiv>
          <Unicode>such damage</Unicode>
        </TextEquiv>
      </TextLine>
      <TextLine id="6649">
        <Coords points="569,691 569,693 570,693 570,694 572,694 572,695 573,695 573,700 577,700 577,701 578,701 578,705 579,705 579,707 580,707 580,712 582,712 582,713 583,713 583,716 587,716 587,717 588,717 588,719 589,719 589,720 590,720 590,723 591,723 591,724 592,724 592,726 594,726 594,728 595,728 595,729 596,729 596,731 598,731 598,732 599,732 599,733 600,733 600,734 601,734 601,737 602,737 602,739 603,739 603,740 604,740 604,741 634,741 634,742 636,742 636,743 637,743 637,744 638,744 638,769 748,769 748,762 749,762 749,761 751,761 751,760 772,760 772,758 773,758 773,756 774,756 774,755 775,755 775,754 776,754 776,752 777,752 777,751 778,751 778,749 779,749 779,748 780,748 780,747 781,747 781,746 782,746 782,744 783,744 783,743 785,743 785,744 786,744 786,745 787,745 787,758 913,758 913,757 914,757 914,756 915,756 915,754 916,754 916,753 917,753 917,752 940,752 940,751 941,751 941,750 942,750 942,749 943,749 943,748 945,748 945,747 946,747 946,746 947,746 947,745 948,745 948,744 951,744 951,743 955,743 955,742 955,743 957,743 957,745 958,745 958,755 1032,755 1032,758 1134,758 1134,755 1135,755 1135,754 1214,754 1214,753 1215,753 1215,752 1216,752 1216,751 1217,751 1217,749 1218,749 1218,747 1219,747 1219,742 1225,742 1225,738 1227,738 1227,733 1229,733 1229,732 1230,732 1230,733 1232,733 1232,728 1233,728 1233,735 1237,735 1237,722 1237,735 1247,735 1247,716 1247,735 1299,735 1299,736 1300,736 1300,739 1301,739 1301,759 1411,759 1411,753 1412,753 1412,752 1413,752 1413,750 1414,750 1414,749 1416,749 1416,748 1510,748 1510,747 1511,747 1511,746 1512,746 1512,745 1620,745 1620,744 1629,744 1629,743 1630,743 1630,741 1631,741 1631,739 1632,739 1632,737 1633,737 1633,736 1634,736 1634,735 1635,735 1635,734 1636,734 1636,732 1637,732 1637,731 1719,731 1719,730 1720,730 1720,729 1721,729 1721,728 1723,728 1723,727 1725,727 1725,726 1726,726 1726,725 1727,725 1727,724 1732,724 1732,723 1733,723 1733,724 1735,724 1735,726 1736,726 1736,732 1792,732 1792,736 1913,736 1913,737 1914,737 1914,755 1936,755 1936,756 1937,756 1937,757 1938,757 1938,763 1940,763 1940,765 1939,765 1939,769 1937,769 1937,770 1903,770 1903,771 1887,771 1887,772 1886,772 1886,774 1885,774 1885,775 1884,775 1884,776 1883,776 1883,778 1882,778 1882,779 1881,779 1881,780 1880,780 1880,781 1879,781 1879,784 1878,784 1878,785 1877,785 1877,786 1875,786 1875,787 1873,787 1873,786 1846,786 1846,785 1845,785 1845,775 1666,775 1666,776 1617,776 1617,819 1581,819 1581,820 1580,820 1580,821 1514,821 1514,822 1513,822 1513,823 1511,823 1511,824 1509,824 1509,825 1507,825 1507,826 1506,826 1506,827 1503,827 1503,828 1503,827 1501,827 1501,826 1500,826 1500,825 1499,825 1499,783 1378,783 1378,784 1319,784 1319,786 1318,786 1318,788 1317,788 1317,789 1316,789 1316,790 1315,790 1315,791 1314,791 1314,792 1313,792 1313,796 1312,796 1312,797 1311,797 1311,798 1310,798 1310,799 1309,799 1309,800 1275,800 1275,802 1274,802 1274,803 1273,803 1273,805 1272,805 1272,806 1271,806 1271,808 1270,808 1270,809 1269,809 1269,810 1268,810 1268,811 1267,811 1267,812 1266,812 1266,814 1265,814 1265,815 1264,815 1264,817 1263,817 1263,818 1261,818 1261,819 1259,819 1259,820 1256,820 1256,821 1170,821 1170,823 1169,823 1169,819 1165,819 1165,803 1103,803 1103,802 1001,802 1001,803 1000,803 1000,804 999,804 999,806 998,806 998,809 997,809 997,810 995,810 995,811 992,811 992,810 991,810 991,789 843,789 843,788 738,788 738,789 735,789 735,790 695,790 695,861 695,860 691,860 691,859 690,859 690,858 689,858 689,857 688,857 688,855 686,855 686,854 685,854 685,847 682,847 682,846 681,846 681,843 680,843 680,842 679,842 679,841 678,841 678,839 676,839 676,838 674,838 674,836 673,836 673,832 672,832 672,831 670,831 670,830 669,830 669,828 668,828 668,827 667,827 667,826 665,826 665,824 664,824 664,823 663,823 663,821 662,821 662,818 661,818 661,815 657,815 657,814 656,814 656,812 655,812 655,811 654,811 654,808 652,808 652,802 650,802 650,801 646,801 646,800 645,800 645,799 644,799 644,796 643,796 643,795 642,795 642,791 592,791 592,789 489,789 489,790 456,790 456,791 447,791 447,792 445,792 445,793 401,793 401,794 377,794 377,795 311,795 311,796 286,796 286,797 284,797 284,798 243,798 243,799 239,799 239,798 236,798 236,797 235,797 235,796 234,796 234,795 188,795 188,794 187,794 187,793 188,793 188,785 189,785 189,784 191,784 191,783 193,783 193,782 195,782 195,781 197,781 197,780 199,780 199,779 236,779 236,773 244,773 244,772 245,772 245,770 246,770 246,769 247,769 247,768 248,768 248,767 249,767 249,765 250,765 250,764 251,764 251,763 252,763 252,761 253,761 253,760 254,760 254,759 255,759 255,757 256,757 256,756 350,756 350,754 351,754 351,753 352,753 352,752 353,752 353,749 354,749 354,748 355,748 355,747 356,747 356,746 357,746 357,747 358,747 358,758 373,758 373,759 374,759 374,761 375,761 375,762 376,762 376,769 478,769 478,768 479,768 479,767 480,767 480,766 481,766 481,764 482,764 482,763 483,763 483,761 484,761 484,760 485,760 485,759 486,759 486,758 487,758 487,757 488,757 488,756 489,756 489,755 490,755 490,753 491,753 491,752 493,752 493,751 495,751 495,750 496,750 496,749 497,749 497,748 499,748 499,747 501,747 501,746 565,746 565,692 566,692 566,691" />
        <TextEquiv>
          <Unicode>-=tentional when it is the prospect of producing it that app=-</Unicode>
        </TextEquiv>
      </TextLine>
      <TextLine id="6650">
        <Coords points="1108,858 1108,859 1109,859 1109,860 1183,860 1183,861 1184,861 1184,895 1190,895 1190,901 1196,901 1196,902 1195,902 1195,903 1170,903 1170,904 1168,904 1168,905 1166,905 1166,906 1165,906 1165,907 1164,907 1164,908 1162,908 1162,907 1161,907 1161,906 1037,906 1037,907 1014,907 1014,908 1013,908 1013,909 1012,909 1012,910 1011,910 1011,912 1010,912 1010,913 1009,913 1009,914 1008,914 1008,915 1004,915 1004,916 1002,916 1002,917 999,917 999,918 998,918 998,919 997,919 997,920 996,920 996,921 995,921 995,922 994,922 994,923 993,923 993,924 992,924 992,925 990,925 990,926 988,926 988,927 985,927 985,910 980,910 980,909 979,909 979,908 978,908 978,905 979,905 979,904 980,904 980,902 981,902 981,901 982,901 982,900 983,900 983,899 984,899 984,898 985,898 985,897 987,897 987,896 989,896 989,895 990,895 990,894 992,894 992,893 996,893 996,892 999,892 999,891 1001,891 1001,890 1005,890 1005,889 1009,889 1009,888 1011,888 1011,887 1013,887 1013,886 1016,886 1016,885 1018,885 1018,884 1020,884 1020,883 1021,883 1021,882 1022,882 1022,881 1023,881 1023,880 1024,880 1024,879 1025,879 1025,878 1026,878 1026,877 1027,877 1027,875 1044,875 1044,874 1045,874 1045,873 1084,873 1084,871 1085,871 1085,869 1086,869 1086,867 1087,867 1087,865 1088,865 1088,864 1089,864 1089,862 1090,862 1090,861 1092,861 1092,859 1094,859 1094,858" />
        <TextEquiv>
          <Unicode>offender's</Unicode>
        </TextEquiv>
      </TextLine>
      <TextLine id="6651">
        <Coords points="1908,862 1908,863 1912,863 1912,864 1916,864 1916,865 1917,865 1917,866 1918,866 1918,923 1925,923 1925,925 1926,925 1926,940 1945,940 1945,942 1946,942 1946,943 1945,943 1945,947 1944,947 1944,949 1943,949 1943,951 1942,951 1942,952 1941,952 1941,953 1940,953 1940,954 1939,954 1939,955 1937,955 1937,956 1935,956 1935,957 1869,957 1869,958 1864,958 1864,959 1834,959 1834,960 1833,960 1833,961 1832,961 1832,962 1830,962 1830,963 1828,963 1828,964 1826,964 1826,965 1621,965 1621,967 1620,967 1620,971 1619,971 1619,974 1618,974 1618,975 1617,975 1617,978 1616,978 1616,979 1615,979 1615,981 1614,981 1614,984 1613,984 1613,985 1612,985 1612,987 1611,987 1611,988 1610,988 1610,989 1609,989 1609,990 1608,990 1608,991 1606,991 1606,992 1599,992 1599,993 1589,993 1589,994 1588,994 1588,995 1587,995 1587,996 1585,996 1585,997 1584,997 1584,998 1386,998 1386,997 1385,997 1385,985 979,985 979,996 978,996 978,997 956,997 956,998 955,998 955,999 954,999 954,1001 953,1001 953,1002 952,1002 952,1003 950,1003 950,1004 949,1004 949,1005 875,1005 875,1006 874,1006 874,1007 838,1007 838,1043 835,1043 835,1045 833,1045 833,1044 832,1044 832,1043 831,1043 831,1039 828,1039 828,1038 827,1038 827,1033 826,1033 826,1032 822,1032 822,1031 821,1031 821,1030 820,1030 820,1025 819,1025 819,1023 818,1023 818,1020 816,1020 816,1019 815,1019 815,1016 814,1016 814,1011 809,1011 809,1010 808,1010 808,1006 807,1006 807,1005 804,1005 804,1004 803,1004 803,1002 802,1002 802,998 801,998 801,997 799,997 799,996 798,996 798,994 797,994 797,993 796,993 796,992 795,992 795,985 791,985 791,983 790,983 790,982 789,982 789,980 784,980 784,978 783,978 783,977 426,977 426,978 395,978 395,979 394,979 394,980 393,980 393,981 391,981 391,982 254,982 254,981 251,981 251,980 250,980 250,979 249,979 249,978 202,978 202,976 194,976 194,956 153,956 153,955 151,955 151,954 150,954 150,953 149,953 149,952 148,952 148,948 147,948 147,946 146,946 146,940 147,940 147,939 148,939 148,938 151,938 151,937 153,937 153,936 415,936 415,935 416,935 416,933 417,933 417,931 418,931 418,930 419,930 419,928 688,928 688,864 689,864 689,863 690,863 690,864 691,864 691,865 699,865 699,866 700,866 700,868 702,868 702,869 703,869 703,871 704,871 704,876 707,876 707,882 711,882 711,883 712,883 712,884 714,884 714,888 769,888 769,929 1245,929 1245,891 1345,891 1345,877 1346,877 1346,876 1350,876 1350,877 1351,877 1351,911 1905,911 1905,863 1906,863 1906,862" />
        <TextEquiv>
          <Unicode>-=ears to have been the inducement of the offender to do</Unicode>
        </TextEquiv>
      </TextLine>
      <TextLine id="6652">
        <Coords points="839,1045 840,1045 841,1046 842,1046 849,1053 850,1053 883,1086 1718,1086 1723,1091 1871,1091 1871,1113 1883,1125 1884,1125 1884,1126 1882,1128 1882,1129 1880,1131 1880,1132 1878,1134 1788,1134 1785,1137 1784,1137 1783,1138 1768,1138 1765,1141 1764,1141 1763,1142 1746,1142 1745,1143 1701,1143 1700,1144 1515,1144 1484,1175 1483,1175 1482,1176 1481,1176 1480,1177 1413,1177 1363,1227 1361,1227 1360,1228 1359,1228 1358,1227 1355,1227 1349,1221 1304,1221 1301,1224 1301,1227 1299,1227 1298,1228 1296,1228 1295,1229 1293,1229 1291,1227 1279,1227 1278,1226 1004,1226 1000,1222 999,1222 988,1211 669,1211 660,1202 555,1202 533,1180 525,1180 524,1179 515,1179 514,1178 511,1178 510,1177 509,1177 508,1176 489,1176 488,1175 487,1175 478,1166 204,1166 206,1164 206,1163 209,1160 209,1159 210,1158 210,1157 211,1156 211,1155 214,1152 214,1151 217,1148 217,1147 218,1146 218,1145 221,1142 221,1140 223,1138 223,1137 224,1136 224,1135 225,1134 225,1133 226,1132 226,1131 227,1130 227,1129 229,1127 229,1126 231,1124 231,1122 233,1120 233,1119 235,1117 235,1116 236,1115 236,1114 239,1111 239,1110 241,1108 242,1108 243,1107 424,1107 425,1106 541,1106 542,1105 543,1105 546,1102 547,1102 550,1099 552,1099 553,1098 570,1098 573,1095 574,1095 576,1093 722,1093 723,1092 792,1092" />
        <TextEquiv>
          <Unicode>the act: obliquely intentional when it appears that</Unicode>
        </TextEquiv>
      </TextLine>
      <TextLine id="6653">
        <Coords points="1304,1222 1308,1222 1352,1266 1613,1266 1614,1267 1866,1267 1872,1273 1929,1273 1930,1274 1930,1276 1929,1277 1929,1302 1926,1302 1925,1303 1922,1303 1921,1304 1920,1304 1918,1306 1917,1306 1916,1307 1915,1307 1912,1310 1911,1310 1905,1316 1904,1316 1903,1317 1788,1317 1786,1319 1743,1319 1741,1321 1740,1321 1739,1322 1697,1322 1657,1362 1656,1362 1655,1363 1654,1363 1652,1365 1192,1365 1142,1415 939,1415 935,1419 934,1419 916,1401 334,1401 323,1390 273,1390 238,1355 206,1370 168,1340 228,1320 228,1319 229,1318 229,1315 230,1314 230,1313 233,1310 233,1309 234,1308 234,1306 235,1305 235,1304 236,1303 236,1302 237,1301 237,1300 240,1297 262,1297 263,1296 264,1296 267,1293 268,1293 269,1292 272,1292 273,1291 939,1291 1001,1229 1005,1229 1006,1230 1299,1230 1303,1226 1303,1223" />
        <TextEquiv>
          <Unicode>though the damage was in contemplation, yet that</Unicode>
        </TextEquiv>
      </TextLine>
      <TextLine id="6654">
        <Coords points="1148,1425 1149,1425 1150,1426 1151,1426 1180,1455 1781,1455 1782,1456 1783,1456 1804,1477 1846,1477 1852,1483 1916,1483 1924,1491 1951,1491 1951,1493 1953,1495 1953,1496 1952,1496 1951,1497 1949,1497 1948,1498 1948,1500 1947,1501 1943,1501 1942,1502 1871,1502 1870,1503 1868,1503 1867,1504 1851,1504 1850,1505 1849,1505 1848,1506 1847,1506 1846,1507 1833,1507 1804,1536 1335,1536 1271,1600 1270,1599 1269,1599 1267,1597 1028,1597 985,1554 214,1554 213,1553 213,1552 209,1548 209,1547 210,1546 210,1544 211,1543 211,1542 213,1540 213,1539 215,1537 215,1535 216,1534 216,1533 218,1531 218,1530 219,1529 219,1527 221,1525 221,1524 222,1523 222,1521 225,1518 225,1517 227,1515 227,1513 228,1513 229,1512 251,1512 262,1501 263,1501 265,1499 266,1499 267,1498 607,1498 656,1449 910,1449 932,1427 1146,1427" />
        <TextEquiv>
          <Unicode>the inducement to the doing of the act was not the pro=-</Unicode>
        </TextEquiv>
      </TextLine>
      <TextLine id="6655">
        <Coords points="1952,1611 1953,1612 1953,1616 1954,1617 1954,1618 1955,1619 1955,1633 1954,1634 1954,1635 1953,1636 1953,1637 1929,1637 1919,1647 1919,1664 1918,1665 1918,1666 1916,1668 1916,1669 1914,1671 1914,1672 1908,1678 1907,1678 1906,1679 1905,1679 1904,1680 1904,1706 1902,1708 1740,1708 1739,1709 1736,1709 1735,1710 1470,1710 1414,1766 1414,1791 1413,1792 1412,1792 1407,1787 1407,1785 1399,1777 865,1777 852,1764 486,1764 448,1726 272,1726 271,1725 250,1725 204,1727 190,1701 256,1708 259,1705 261,1705 262,1704 265,1704 282,1687 358,1687 368,1677 370,1677 371,1676 515,1676 532,1659 533,1659 534,1658 1244,1658 1283,1619 1944,1619" />
        <TextEquiv>
          <Unicode>-=duction of such damage but some other event which</Unicode>
        </TextEquiv>
      </TextLine>
      <TextLine id="6656">
        <Coords points="1425,1809 1427,1809 1428,1810 1430,1810 1431,1811 1434,1811 1485,1862 1893,1862 1894,1863 1901,1863 1903,1865 1904,1865 1906,1867 1906,1868 1907,1869 1907,1871 1908,1872 1908,1875 1909,1876 1909,1900 1910,1901 1957,1901 1958,1902 1958,1904 1960,1906 1959,1906 1956,1909 1891,1909 1890,1910 1889,1910 1887,1912 1886,1912 1885,1913 1739,1913 1717,1935 1716,1935 1714,1937 1354,1937 1340,1951 1339,1951 1338,1952 1336,1952 1334,1954 1331,1954 1329,1952 442,1952 420,1930 222,1930 221,1929 220,1929 219,1928 219,1927 216,1924 221,1919 221,1918 222,1917 222,1916 223,1915 223,1914 225,1912 225,1911 226,1911 227,1910 228,1910 229,1909 230,1909 231,1908 272,1908 273,1907 311,1907 312,1906 312,1895 313,1894 314,1894 315,1893 334,1893 344,1883 345,1883 346,1882 412,1882 418,1876 419,1876 420,1875 670,1875 731,1814 942,1814 943,1813 943,1811 1423,1811" />
        <TextEquiv>
          <Unicode>as it happened drew with it, and beforehand appeared</Unicode>
        </TextEquiv>
      </TextLine>
      <TextLine id="6657">
        <Coords points="1957,2021 1957,2030 1959,2032 1959,2067 1960,2068 1970,2068 1971,2069 1972,2069 1972,2070 1973,2071 1972,2072 1972,2073 1971,2073 1968,2076 1968,2077 1967,2078 1967,2079 1966,2079 1965,2080 1964,2080 1963,2081 1962,2081 1961,2082 1961,2083 1960,2084 1960,2115 1959,2115 1958,2116 1801,2116 1792,2125 1788,2125 1764,2149 1762,2149 1761,2150 1759,2150 1757,2152 1756,2152 1755,2153 1739,2153 1736,2156 1292,2156 1291,2157 1286,2157 1285,2158 725,2158 703,2180 476,2180 475,2181 470,2181 428,2139 248,2139 247,2138 228,2138 226,2136 215,2136 215,2135 214,2134 215,2133 215,2132 216,2131 216,2130 217,2129 217,2128 218,2127 222,2127 224,2125 225,2125 227,2123 228,2123 229,2122 230,2122 231,2121 247,2121 248,2120 249,2120 250,2119 251,2119 252,2118 271,2118 272,2117 296,2117 297,2116 298,2116 299,2115 351,2115 352,2114 459,2114 489,2084 490,2084 493,2081 494,2081 495,2080 497,2080 498,2079 552,2079 562,2069 563,2069 564,2068 565,2068 566,2067 1317,2067 1318,2066 1320,2066 1324,2062 1326,2062 1327,2061 1328,2061 1329,2060 1803,2060 1808,2055 1810,2055 1811,2054 1924,2054" />
        <TextEquiv>
          <Unicode>more or less likely to draw with it, (the production of) such</Unicode>
        </TextEquiv>
      </TextLine>
      <TextLine id="6658">
        <Coords points="1147,2271 1148,2271 1149,2272 1177,2272 1196,2291 1535,2291 1546,2302 1547,2302 1551,2306 1566,2306 1567,2307 1567,2309 1563,2313 1562,2313 1561,2314 1518,2314 1517,2315 1515,2315 1514,2316 1447,2316 1446,2317 1425,2317 1424,2318 1354,2318 1353,2319 1327,2319 1326,2320 1262,2320 1261,2321 1248,2321 1247,2322 1118,2322 1116,2324 1115,2324 1114,2325 1098,2325 1057,2366 1056,2366 1055,2367 1054,2367 1052,2369 841,2369 829,2381 828,2381 826,2383 825,2383 824,2384 417,2384 414,2387 413,2387 408,2392 407,2392 404,2395 403,2395 402,2396 346,2340 250,2340 249,2339 239,2339 238,2338 238,2337 236,2335 236,2334 235,2333 235,2332 236,2331 236,2330 246,2320 246,2301 247,2300 247,2299 252,2294 253,2294 254,2293 256,2293 257,2292 1085,2292 1103,2274 1144,2274" />
        <TextEquiv>
          <Unicode>Damage as a consequence of the same cause.</Unicode>
        </TextEquiv>
      </TextLine>
      <TextLine id="6659">
        <Coords points="1043,2413 1043,2414 1051,2414 1051,2415 1053,2415 1053,2416 1054,2416 1054,2450 1075,2450 1075,2451 1077,2451 1077,2455 1088,2455 1088,2462 1103,2462 1102,2462 1102,2464 1101,2464 1101,2466 1100,2466 1100,2468 1099,2468 1099,2469 1098,2469 1098,2470 1098,2468 977,2468 977,2479 950,2479 950,2472 865,2472 865,2471 864,2471 864,2467 865,2467 865,2466 866,2466 866,2463 867,2463 867,2461 869,2461 869,2460 870,2460 870,2457 871,2457 871,2456 873,2456 873,2455 897,2455 897,2425 898,2425 898,2424 900,2424 900,2423 902,2423 902,2422 906,2422 906,2423 910,2423 910,2424 911,2424 911,2425 912,2425 912,2433 1037,2433 1037,2415 1038,2415 1038,2414 1039,2414 1039,2413" />
        <TextEquiv>
          <Unicode>intention</Unicode>
        </TextEquiv>
      </TextLine>
      <TextLine id="6660">
        <Coords points="525,2409 525,2410 526,2410 526,2490 628,2490 628,2489 644,2489 644,2487 645,2487 645,2485 646,2485 646,2484 647,2484 647,2483 648,2483 648,2482 649,2482 649,2480 650,2480 650,2478 651,2478 651,2477 652,2477 652,2476 653,2476 653,2475 654,2475 654,2474 655,2474 655,2473 657,2473 657,2472 658,2472 658,2471 659,2471 659,2470 661,2470 661,2471 662,2471 662,2473 663,2473 663,2501 800,2501 800,2500 801,2500 801,2501 803,2501 803,2502 906,2502 906,2501 931,2501 931,2500 932,2500 932,2492 933,2492 933,2491 937,2491 937,2490 941,2490 941,2489 942,2489 942,2487 943,2487 943,2485 944,2485 944,2484 946,2484 946,2483 947,2483 947,2482 948,2482 948,2481 976,2481 976,2493 1080,2493 1080,2492 1082,2492 1082,2491 1083,2491 1083,2490 1084,2490 1084,2489 1085,2489 1085,2488 1086,2488 1086,2487 1087,2487 1087,2486 1089,2486 1089,2485 1090,2485 1090,2482 1091,2482 1091,2478 1092,2478 1092,2477 1093,2477 1093,2476 1094,2476 1094,2475 1095,2475 1095,2474 1096,2474 1096,2473 1097,2473 1097,2472 1099,2472 1099,2471 1100,2471 1100,2470 1101,2470 1101,2469 1102,2469 1102,2467 1103,2467 1103,2465 1104,2465 1104,2463 1105,2463 1105,2461 1106,2461 1106,2458 1107,2458 1107,2457 1108,2457 1108,2456 1110,2456 1110,2455 1111,2455 1111,2454 1112,2454 1112,2453 1114,2453 1114,2452 1117,2452 1117,2453 1118,2453 1118,2455 1119,2455 1119,2470 1290,2470 1290,2469 1291,2469 1291,2468 1293,2468 1293,2469 1294,2469 1294,2488 1406,2488 1406,2487 1408,2487 1408,2486 1412,2486 1412,2485 1482,2485 1482,2467 1483,2467 1483,2466 1484,2466 1484,2465 1487,2465 1487,2466 1488,2466 1488,2467 1489,2467 1489,2469 1490,2469 1490,2474 1592,2474 1592,2473 1593,2473 1593,2472 1594,2472 1594,2470 1595,2470 1595,2469 1596,2469 1596,2468 1597,2468 1597,2467 1598,2467 1598,2466 1599,2466 1599,2465 1600,2465 1600,2464 1601,2464 1601,2463 1603,2463 1603,2462 1664,2462 1664,2461 1665,2461 1665,2460 1666,2460 1666,2459 1667,2459 1667,2457 1668,2457 1668,2455 1669,2455 1669,2454 1670,2454 1670,2452 1671,2452 1671,2451 1672,2451 1672,2450 1673,2450 1673,2449 1675,2449 1675,2448 1680,2448 1680,2449 1681,2449 1681,2464 1801,2464 1801,2462 1802,2462 1802,2461 1803,2461 1803,2460 1805,2460 1805,2459 1806,2459 1806,2458 1807,2458 1807,2456 1808,2456 1808,2455 1809,2455 1809,2454 1810,2454 1810,2453 1811,2453 1811,2452 1812,2452 1812,2451 1813,2451 1813,2450 1814,2450 1814,2449 1815,2449 1815,2448 1816,2448 1816,2447 1818,2447 1818,2446 1821,2446 1821,2451 1844,2451 1844,2452 1846,2452 1846,2454 1847,2454 1847,2476 1851,2476 1851,2477 1885,2477 1885,2478 1886,2478 1886,2479 1940,2479 1940,2481 1974,2481 1974,2482 1979,2482 1979,2483 1980,2483 1980,2496 1983,2496 1983,2497 1984,2497 1984,2498 1985,2498 1984,2498 1984,2499 1979,2499 1979,2500 1977,2500 1977,2499 1942,2499 1942,2498 1872,2498 1872,2497 1749,2497 1749,2499 1748,2499 1748,2500 1746,2500 1746,2502 1745,2502 1745,2504 1744,2504 1744,2505 1742,2505 1742,2506 1738,2506 1738,2512 1737,2512 1737,2513 1736,2513 1736,2514 1735,2514 1735,2515 1734,2515 1734,2516 1733,2516 1733,2518 1732,2518 1732,2519 1730,2519 1730,2520 1729,2520 1729,2522 1728,2522 1728,2523 1727,2523 1727,2524 1726,2524 1726,2525 1725,2525 1725,2526 1724,2526 1724,2527 1723,2527 1723,2528 1722,2528 1722,2529 1721,2529 1721,2530 1719,2530 1719,2533 1717,2533 1717,2534 1711,2534 1711,2540 1710,2540 1710,2541 1708,2541 1708,2542 1707,2542 1707,2543 1706,2543 1706,2544 1705,2544 1705,2545 1704,2545 1704,2546 1702,2546 1702,2547 1700,2547 1700,2548 1699,2548 1699,2549 1698,2549 1698,2550 1697,2550 1697,2551 1696,2551 1696,2552 1694,2552 1694,2553 1692,2553 1692,2554 1691,2554 1691,2555 1686,2555 1686,2556 1683,2556 1683,2557 1680,2557 1680,2556 1678,2556 1678,2555 1677,2555 1677,2554 1675,2554 1675,2553 1674,2553 1674,2552 1673,2552 1673,2550 1672,2550 1672,2501 1562,2501 1562,2502 1561,2502 1561,2503 1559,2503 1559,2504 1487,2504 1487,2505 1486,2505 1486,2506 1484,2506 1484,2507 1332,2507 1332,2508 1331,2508 1331,2509 1246,2509 1246,2510 1244,2510 1244,2511 1242,2511 1242,2512 1239,2512 1239,2513 1198,2513 1198,2514 1197,2514 1197,2515 1195,2515 1195,2516 1193,2516 1193,2515 1192,2515 1192,2514 1080,2514 1080,2515 1079,2515 1079,2518 1078,2518 1078,2520 1077,2520 1077,2521 1075,2521 1075,2525 1074,2525 1074,2526 1073,2526 1073,2529 1072,2529 1072,2532 1071,2532 1071,2533 1070,2533 1070,2534 1069,2534 1069,2535 1067,2535 1067,2537 1066,2537 1066,2538 1065,2538 1065,2540 1064,2540 1064,2541 1063,2541 1063,2542 1062,2542 1062,2543 1060,2543 1060,2544 1059,2544 1059,2546 1058,2546 1058,2547 1056,2547 1056,2548 1055,2548 1055,2549 1053,2549 1053,2548 1052,2548 1052,2527 992,2527 992,2526 989,2526 989,2525 987,2525 987,2524 976,2524 976,2523 969,2523 969,2522 926,2522 926,2521 752,2521 752,2522 727,2522 727,2523 725,2523 725,2524 722,2524 722,2525 702,2525 702,2526 701,2526 701,2528 700,2528 700,2529 699,2529 699,2531 698,2531 698,2532 697,2532 697,2533 696,2533 696,2534 695,2534 695,2536 694,2536 694,2538 693,2538 693,2539 692,2539 692,2540 691,2540 691,2541 690,2541 690,2543 689,2543 689,2545 688,2545 688,2554 687,2554 687,2555 686,2555 686,2556 685,2556 685,2557 684,2557 684,2559 683,2559 683,2560 681,2560 681,2561 680,2561 680,2562 679,2562 679,2563 678,2563 678,2564 677,2564 677,2565 675,2565 675,2566 675,2565 607,2565 607,2564 606,2564 606,2563 605,2563 605,2523 603,2523 603,2522 466,2522 466,2523 465,2523 465,2524 464,2524 464,2525 463,2525 463,2526 428,2526 428,2527 411,2527 411,2528 409,2528 409,2527 408,2527 408,2525 407,2525 407,2523 406,2523 406,2520 405,2520 405,2518 406,2518 406,2513 407,2513 407,2512 408,2512 408,2510 410,2510 410,2509 448,2509 448,2508 449,2508 449,2506 450,2506 450,2504 451,2504 451,2503 452,2503 452,2500 453,2500 453,2469 454,2469 454,2466 455,2466 455,2464 456,2464 456,2462 457,2462 457,2461 458,2461 458,2460 459,2460 459,2458 460,2458 460,2457 461,2457 461,2456 462,2456 462,2454 463,2454 463,2453 465,2453 465,2451 466,2451 466,2450 467,2450 467,2449 469,2449 469,2447 470,2447 470,2446 471,2446 471,2444 472,2444 472,2443 473,2443 473,2442 475,2442 475,2441 476,2441 476,2440 477,2440 477,2439 478,2439 478,2438 480,2438 480,2437 481,2437 481,2436 482,2436 482,2435 483,2435 483,2434 484,2434 484,2433 486,2433 486,2431 487,2431 487,2430 488,2430 488,2429 490,2429 490,2428 491,2428 491,2427 492,2427 492,2426 494,2426 494,2425 495,2425 495,2424 497,2424 497,2423 498,2423 498,2422 500,2422 500,2421 501,2421 501,2420 503,2420 503,2419 505,2419 505,2418 506,2418 506,2417 507,2417 507,2416 509,2416 509,2415 511,2415 511,2414 513,2414 513,2413 516,2413 516,2412 517,2412 517,2411 518,2411 518,2410 521,2410 521,2409" />
        <TextEquiv>
          <Unicode>Thus if your motive for instance in striking the man</Unicode>
        </TextEquiv>
      </TextLine>
      <TextLine id="6661">
        <Coords points="1242,2581 1242,2582 1244,2582 1244,2585 1243,2585 1243,2586 1242,2586 1242,2588 1240,2588 1240,2589 1239,2589 1239,2590 1238,2590 1238,2601 1236,2601 1236,2602 1235,2602 1235,2603 1234,2603 1234,2604 1233,2604 1233,2606 1232,2606 1232,2607 1231,2607 1231,2608 1229,2608 1229,2609 1214,2609 1214,2610 1213,2610 1213,2611 1212,2611 1212,2612 1210,2612 1210,2613 1207,2613 1207,2614 1201,2614 1201,2615 1174,2615 1174,2616 1171,2616 1171,2617 1154,2617 1154,2619 1153,2619 1153,2620 1152,2620 1152,2619 1148,2619 1148,2627 1147,2627 1147,2628 1146,2628 1146,2630 1145,2630 1145,2632 1144,2632 1144,2633 1143,2633 1143,2634 1142,2634 1142,2636 1141,2636 1141,2637 1140,2637 1140,2638 1139,2638 1139,2639 1138,2639 1138,2640 1137,2640 1137,2641 1135,2641 1135,2619 1088,2619 1088,2618 1086,2618 1086,2617 1085,2617 1085,2616 1071,2616 1071,2615 1070,2615 1070,2601 1064,2601 1064,2600 1065,2600 1065,2599 1066,2599 1066,2598 1069,2598 1069,2597 1077,2597 1077,2596 1078,2596 1078,2595 1079,2595 1079,2593 1080,2593 1080,2592 1081,2592 1081,2591 1082,2591 1082,2590 1083,2590 1083,2589 1085,2589 1085,2588 1086,2588 1086,2586 1088,2586 1088,2585 1089,2585 1089,2584 1092,2584 1092,2583 1095,2583 1095,2584 1238,2584 1238,2583 1239,2583 1239,2582 1240,2582 1240,2581" />
        <TextEquiv>
          <Unicode>to put</Unicode>
        </TextEquiv>
      </TextLine>
      <TextLine id="6662">
        <Coords points="1854,2613 1854,2614 1856,2614 1856,2626 1859,2626 1859,2627 1860,2627 1860,2628 1865,2628 1865,2629 1866,2629 1866,2630 1867,2630 1867,2640 1882,2640 1882,2641 1883,2641 1883,2642 1884,2642 1884,2643 1885,2643 1885,2644 1886,2644 1886,2645 1887,2645 1887,2646 1888,2646 1888,2647 1889,2647 1889,2648 1890,2648 1890,2649 1891,2649 1891,2650 1892,2650 1892,2657 1938,2657 1938,2658 1940,2658 1940,2660 1941,2660 1941,2670 1946,2670 1946,2671 1947,2671 1946,2671 1946,2672 1944,2672 1944,2673 1941,2673 1941,2674 1935,2674 1935,2675 1934,2675 1934,2674 1890,2674 1890,2672 1775,2672 1775,2673 1774,2673 1774,2674 1773,2674 1773,2675 1772,2675 1772,2676 1771,2676 1771,2678 1770,2678 1770,2680 1769,2680 1769,2682 1768,2682 1768,2683 1767,2683 1767,2686 1766,2686 1766,2687 1765,2687 1765,2688 1764,2688 1764,2690 1763,2690 1763,2691 1762,2691 1762,2693 1761,2693 1761,2694 1760,2694 1760,2695 1759,2695 1759,2696 1758,2696 1758,2698 1757,2698 1757,2699 1756,2699 1756,2700 1755,2700 1755,2701 1754,2701 1754,2703 1753,2703 1753,2704 1752,2704 1752,2705 1751,2705 1751,2706 1750,2706 1750,2707 1749,2707 1749,2708 1748,2708 1748,2709 1747,2709 1747,2710 1746,2710 1746,2711 1745,2711 1745,2712 1744,2712 1744,2713 1743,2713 1743,2714 1741,2714 1741,2715 1740,2715 1740,2716 1739,2716 1739,2718 1738,2718 1738,2719 1737,2719 1737,2720 1735,2720 1735,2721 1733,2721 1733,2722 1731,2722 1731,2723 1725,2723 1725,2726 1723,2726 1723,2727 1718,2727 1718,2726 1717,2726 1717,2725 1716,2725 1716,2724 1715,2724 1715,2685 1605,2685 1605,2686 1602,2686 1602,2687 1600,2687 1600,2688 1597,2688 1597,2689 1575,2689 1575,2690 1574,2690 1574,2693 1540,2693 1540,2694 1507,2694 1507,2695 1506,2695 1506,2696 1505,2696 1505,2699 1504,2699 1504,2701 1503,2701 1503,2702 1502,2702 1502,2705 1501,2705 1501,2707 1500,2707 1500,2708 1499,2708 1499,2709 1498,2709 1498,2710 1497,2710 1497,2712 1496,2712 1496,2713 1495,2713 1495,2714 1494,2714 1494,2715 1493,2715 1493,2716 1492,2716 1492,2717 1491,2717 1491,2718 1489,2718 1489,2719 1488,2719 1488,2720 1485,2720 1485,2721 1483,2721 1483,2720 1481,2720 1481,2719 1480,2719 1480,2717 1479,2717 1479,2689 1438,2689 1438,2688 1429,2688 1429,2687 1425,2687 1425,2686 1414,2686 1414,2685 1401,2685 1401,2684 1365,2684 1365,2683 1229,2683 1229,2684 1228,2684 1228,2685 1227,2685 1227,2686 1226,2686 1226,2687 1208,2687 1208,2688 1207,2688 1207,2690 1206,2690 1206,2691 1205,2691 1205,2694 1203,2694 1203,2695 1203,2694 1202,2694 1202,2685 1052,2685 1052,2686 1026,2686 1026,2687 1025,2687 1025,2688 1024,2688 1024,2689 1021,2689 1021,2690 1015,2690 1015,2722 1014,2722 1014,2724 1013,2724 1013,2725 990,2725 990,2729 989,2729 989,2730 986,2730 986,2688 884,2688 884,2689 842,2689 842,2690 834,2690 834,2691 834,2690 781,2690 781,2687 658,2687 658,2688 653,2688 653,2689 625,2689 625,2690 597,2690 597,2691 594,2691 594,2692 572,2692 572,2695 571,2695 571,2696 570,2696 570,2698 569,2698 569,2699 568,2699 568,2701 566,2701 566,2702 565,2702 565,2704 564,2704 564,2707 563,2707 563,2708 562,2708 562,2709 561,2709 561,2711 560,2711 560,2713 559,2713 559,2714 558,2714 558,2716 557,2716 557,2717 556,2717 556,2728 555,2728 555,2729 554,2729 554,2730 550,2730 550,2733 549,2733 549,2734 548,2734 548,2735 547,2735 547,2737 545,2737 545,2738 543,2738 543,2739 485,2739 485,2741 484,2741 484,2742 483,2742 483,2744 482,2744 482,2745 481,2745 481,2747 480,2747 480,2748 479,2748 479,2750 478,2750 478,2751 477,2751 477,2752 476,2752 476,2754 475,2754 475,2755 474,2755 474,2756 473,2756 473,2757 472,2757 472,2759 471,2759 471,2761 469,2761 469,2762 468,2762 468,2763 466,2763 466,2764 465,2764 465,2765 464,2765 464,2766 463,2766 463,2767 462,2767 462,2768 457,2768 457,2767 456,2767 456,2765 455,2765 455,2763 454,2763 454,2694 266,2694 266,2695 236,2695 236,2696 235,2696 235,2698 234,2698 234,2699 232,2699 232,2693 233,2693 233,2691 234,2691 234,2690 235,2690 235,2688 236,2688 236,2686 237,2686 237,2685 238,2685 238,2683 239,2683 239,2682 240,2682 240,2681 241,2681 241,2679 242,2679 242,2678 243,2678 243,2677 264,2677 264,2676 266,2676 266,2675 297,2675 297,2674 300,2674 300,2673 302,2673 302,2672 303,2672 303,2670 304,2670 304,2667 305,2667 305,2665 306,2665 306,2664 307,2664 307,2663 308,2663 308,2660 309,2660 309,2658 310,2658 310,2656 311,2656 311,2655 312,2655 312,2654 313,2654 313,2652 314,2652 314,2650 315,2650 315,2649 316,2649 316,2648 317,2648 317,2646 318,2646 318,2645 320,2645 320,2644 321,2644 321,2643 322,2643 322,2642 323,2642 323,2641 325,2641 325,2640 327,2640 327,2641 328,2641 328,2642 329,2642 329,2643 330,2643 330,2669 349,2669 349,2670 455,2670 455,2669 456,2669 456,2667 457,2667 457,2665 458,2665 458,2664 459,2664 459,2663 460,2663 460,2662 461,2662 461,2660 462,2660 462,2659 463,2659 463,2658 464,2658 464,2657 465,2657 465,2655 466,2655 466,2654 467,2654 467,2652 468,2652 468,2651 469,2651 469,2650 470,2650 470,2649 471,2649 471,2648 472,2648 472,2647 473,2647 473,2646 474,2646 474,2645 476,2645 476,2644 478,2644 478,2643 480,2643 480,2642 483,2642 483,2643 484,2643 484,2644 485,2644 485,2648 564,2648 564,2671 697,2671 697,2670 698,2670 698,2668 699,2668 699,2667 700,2667 700,2665 701,2665 701,2663 702,2663 702,2662 704,2662 704,2660 705,2660 705,2659 706,2659 706,2658 707,2658 707,2657 708,2657 708,2655 709,2655 709,2654 711,2654 711,2653 712,2653 712,2652 713,2652 713,2651 715,2651 715,2650 716,2650 716,2649 719,2649 719,2648 804,2648 804,2647 805,2647 805,2646 807,2646 807,2645 808,2645 808,2644 809,2644 809,2643 810,2643 810,2642 811,2642 811,2641 812,2641 812,2640 813,2640 813,2639 815,2639 815,2638 816,2638 816,2637 818,2637 818,2636 820,2636 820,2635 824,2635 824,2636 826,2636 826,2637 827,2637 827,2667 840,2667 840,2668 998,2668 998,2667 999,2667 999,2666 1000,2666 1000,2665 1001,2665 1001,2664 1003,2664 1003,2663 1004,2663 1004,2662 1005,2662 1005,2661 1007,2661 1007,2660 1036,2660 1036,2659 1037,2659 1037,2657 1038,2657 1038,2656 1039,2656 1039,2655 1040,2655 1040,2654 1041,2654 1041,2653 1042,2653 1042,2650 1043,2650 1043,2649 1044,2649 1044,2648 1045,2648 1045,2646 1046,2646 1046,2645 1127,2645 1127,2644 1129,2644 1129,2643 1130,2643 1130,2641 1131,2641 1131,2640 1154,2640 1154,2639 1155,2639 1155,2638 1157,2638 1157,2637 1164,2637 1164,2638 1165,2638 1165,2651 1274,2651 1274,2646 1276,2646 1276,2645 1277,2645 1277,2646 1278,2646 1278,2654 1279,2654 1279,2655 1282,2655 1282,2656 1302,2656 1302,2657 1433,2657 1433,2656 1435,2656 1435,2655 1499,2655 1499,2654 1500,2654 1500,2653 1501,2653 1501,2652 1502,2652 1502,2650 1503,2650 1503,2649 1504,2649 1504,2647 1505,2647 1505,2646 1506,2646 1506,2645 1507,2645 1507,2643 1508,2643 1508,2642 1509,2642 1509,2641 1510,2641 1510,2639 1511,2639 1511,2637 1512,2637 1512,2636 1513,2636 1513,2635 1514,2635 1514,2634 1515,2634 1515,2632 1516,2632 1516,2631 1517,2631 1517,2630 1518,2630 1518,2629 1519,2629 1519,2628 1520,2628 1520,2627 1521,2627 1521,2626 1522,2626 1522,2625 1523,2625 1523,2623 1524,2623 1524,2621 1526,2621 1526,2620 1527,2620 1527,2619 1528,2619 1528,2618 1530,2618 1530,2619 1532,2619 1532,2644 1654,2644 1654,2642 1655,2642 1655,2641 1656,2641 1656,2640 1657,2640 1657,2639 1659,2639 1659,2637 1660,2637 1660,2635 1661,2635 1661,2634 1662,2634 1662,2633 1663,2633 1663,2632 1664,2632 1664,2630 1665,2630 1665,2629 1667,2629 1667,2628 1669,2628 1669,2635 1711,2635 1711,2636 1712,2636 1712,2655 1829,2655 1829,2653 1830,2653 1830,2652 1831,2652 1831,2651 1832,2651 1832,2650 1834,2650 1834,2624 1835,2624 1835,2622 1836,2622 1836,2619 1837,2619 1837,2618 1838,2618 1838,2617 1839,2617 1839,2616 1841,2616 1841,2615 1844,2615 1844,2614 1847,2614 1847,2613" />
        <TextEquiv>
          <Unicode>whose leg you broke was to the pleasure of putting him</Unicode>
        </TextEquiv>
      </TextLine>
      <TextLine id="6663">
        <Coords points="1692,2734 1697,2734 1697,2742 1911,2742 1911,2744 1912,2744 1912,2745 1913,2745 1913,2746 1914,2746 1914,2747 1915,2747 1915,2748 1916,2748 1916,2749 1917,2749 1917,2751 1918,2751 1918,2752 1919,2752 1919,2753 1920,2753 1920,2754 1921,2754 1921,2755 1922,2755 1922,2756 1923,2756 1923,2757 1924,2757 1924,2759 1925,2759 1925,2760 1926,2760 1926,2761 1927,2761 1927,2762 1928,2762 1928,2763 1929,2763 1929,2764 1930,2764 1930,2765 1931,2765 1931,2767 1932,2767 1932,2768 1933,2768 1933,2769 1934,2769 1934,2770 1935,2770 1935,2771 1936,2771 1936,2772 1937,2772 1937,2773 1938,2773 1938,2775 1939,2775 1939,2776 1940,2776 1940,2777 1941,2777 1941,2778 1942,2778 1942,2779 1943,2779 1943,2780 1944,2780 1944,2781 1945,2781 1926,2781 1926,2782 1908,2782 1908,2783 1889,2783 1889,2784 1871,2784 1871,2786 1820,2786 1820,2787 1744,2787 1744,2788 1743,2788 1743,2789 1739,2789 1739,2790 1737,2790 1737,2791 1603,2791 1603,2792 1597,2792 1597,2793 1595,2793 1595,2794 1543,2794 1543,2795 1524,2795 1524,2796 1523,2796 1523,2797 1522,2797 1522,2798 1520,2798 1520,2799 1374,2799 1374,2800 1373,2800 1373,2801 1371,2801 1371,2802 1369,2802 1369,2803 1368,2803 1368,2804 1367,2804 1367,2805 1365,2805 1365,2806 1364,2806 1364,2807 1362,2807 1362,2808 1361,2808 1361,2809 1358,2809 1358,2810 1356,2810 1356,2809 1355,2809 1355,2794 1289,2794 1289,2792 1290,2792 1290,2791 1291,2791 1291,2790 1292,2790 1292,2788 1293,2788 1293,2775 990,2775 990,2776 988,2776 988,2777 987,2777 987,2778 985,2778 985,2779 984,2779 984,2780 982,2780 982,2781 981,2781 981,2782 980,2782 980,2783 979,2783 979,2784 978,2784 978,2785 977,2785 977,2786 976,2786 976,2787 975,2787 975,2788 973,2788 973,2789 972,2789 972,2790 971,2790 971,2796 970,2796 970,2798 969,2798 969,2799 968,2799 968,2800 967,2800 967,2801 966,2801 966,2802 960,2802 960,2808 959,2808 959,2810 958,2810 958,2811 957,2811 957,2812 955,2812 955,2813 954,2813 954,2814 953,2814 953,2815 952,2815 952,2816 951,2816 951,2817 950,2817 950,2818 948,2818 948,2819 947,2819 947,2820 946,2820 946,2821 944,2821 944,2822 791,2822 791,2823 790,2823 790,2824 789,2824 789,2826 788,2826 788,2827 787,2827 787,2828 786,2828 786,2829 785,2829 785,2830 781,2830 781,2829 780,2829 780,2827 779,2827 779,2809 440,2809 440,2810 439,2810 439,2811 438,2811 438,2812 318,2812 318,2813 317,2813 317,2814 315,2814 315,2815 312,2815 312,2816 308,2816 308,2815 307,2815 307,2814 305,2814 305,2811 304,2811 305,2811 305,2808 306,2808 306,2806 307,2806 307,2805 308,2805 308,2804 310,2804 310,2803 312,2803 312,2802 316,2802 316,2801 324,2801 324,2799 325,2799 325,2797 326,2797 326,2795 328,2795 328,2794 329,2794 329,2793 386,2793 386,2792 388,2792 388,2791 389,2791 389,2790 390,2790 390,2789 391,2789 391,2788 392,2788 392,2787 393,2787 393,2786 394,2786 394,2785 395,2785 395,2784 396,2784 396,2783 397,2783 397,2782 398,2782 398,2781 399,2781 399,2780 400,2780 400,2779 401,2779 401,2778 402,2778 402,2775 403,2775 403,2773 405,2773 405,2769 610,2769 610,2768 611,2768 611,2767 612,2767 612,2765 613,2765 613,2764 614,2764 614,2763 616,2763 616,2762 618,2762 618,2761 621,2761 621,2760 750,2760 750,2759 752,2759 752,2758 755,2758 755,2757 762,2757 762,2756 764,2756 764,2757 767,2757 767,2758 769,2758 769,2759 771,2759 771,2760 999,2760 999,2761 1000,2761 1000,2762 1001,2762 1001,2764 1002,2764 1001,2764 1001,2766 1000,2766 1000,2767 999,2767 999,2768 998,2768 998,2770 1306,2770 1306,2769 1307,2769 1307,2768 1308,2768 1308,2767 1309,2767 1309,2766 1310,2766 1310,2765 1311,2765 1311,2764 1313,2764 1313,2763 1314,2763 1314,2762 1316,2762 1316,2761 1317,2761 1317,2760 1411,2760 1411,2759 1412,2759 1412,2758 1413,2758 1413,2757 1414,2757 1414,2756 1416,2756 1416,2755 1671,2755 1671,2754 1672,2754 1672,2753 1673,2753 1673,2752 1675,2752 1675,2751 1676,2751 1676,2750 1677,2750 1677,2748 1678,2748 1678,2747 1679,2747 1679,2746 1681,2746 1681,2745 1682,2745 1682,2744 1683,2744 1683,2743 1684,2743 1684,2741 1685,2741 1685,2740 1686,2740 1686,2739 1687,2739 1687,2738 1688,2738 1688,2737 1689,2737 1689,2736 1690,2736 1690,2735 1692,2735" />
        <TextEquiv>
          <Unicode>such or such a degree of to &lt;gap/&gt; occasion him such</Unicode>
        </TextEquiv>
      </TextLine>
      <TextLine id="6664">
        <Coords points="1916,2807 1916,2808 1918,2808 1918,2809 1919,2809 1919,2841 1945,2841 1945,2842 1946,2842 1945,2842 1945,2843 1944,2843 1944,2844 1940,2844 1940,2845 1936,2845 1936,2846 1933,2846 1933,2847 1928,2847 1928,2848 1924,2848 1924,2849 1898,2849 1898,2850 1867,2850 1867,2851 1809,2851 1809,2850 1698,2850 1698,2851 1696,2851 1696,2852 1694,2852 1694,2853 1653,2853 1653,2854 1605,2854 1605,2855 1593,2855 1593,2856 1591,2856 1591,2857 1577,2857 1577,2858 1549,2858 1549,2859 1508,2859 1508,2864 1507,2864 1507,2865 1494,2865 1494,2866 1492,2866 1492,2867 1491,2867 1491,2868 1490,2868 1490,2870 1489,2870 1489,2871 1488,2871 1488,2873 1487,2873 1487,2874 1486,2874 1486,2876 1485,2876 1485,2878 1484,2878 1484,2881 1483,2881 1483,2883 1482,2883 1482,2885 1481,2885 1481,2886 1480,2886 1480,2887 1479,2887 1479,2889 1478,2889 1478,2890 1477,2890 1477,2891 1476,2891 1476,2892 1475,2892 1475,2893 1474,2893 1474,2896 1473,2896 1473,2897 1472,2897 1472,2898 1471,2898 1471,2900 1470,2900 1470,2901 1469,2901 1469,2903 1467,2903 1467,2904 1466,2904 1466,2905 1465,2905 1465,2906 1464,2906 1464,2907 1463,2907 1463,2908 1461,2908 1461,2909 1460,2909 1460,2911 1458,2911 1458,2912 1457,2912 1457,2911 1456,2911 1456,2908 1455,2908 1455,2861 1295,2861 1295,2862 1269,2862 1269,2863 1268,2863 1268,2864 1266,2864 1266,2865 1266,2864 1076,2864 1076,2865 1074,2865 1074,2866 1071,2866 1071,2867 1022,2867 1022,2868 1017,2868 1017,2869 995,2869 995,2870 994,2870 994,2871 993,2871 993,2872 992,2872 992,2874 991,2874 991,2875 990,2875 990,2878 989,2878 989,2880 988,2880 988,2883 987,2883 987,2884 986,2884 986,2885 985,2885 985,2886 984,2886 984,2888 983,2888 983,2889 982,2889 982,2890 981,2890 981,2892 980,2892 980,2894 979,2894 979,2895 977,2895 977,2896 976,2896 976,2897 975,2897 975,2899 974,2899 974,2900 971,2900 971,2901 970,2901 970,2902 968,2902 968,2903 962,2903 962,2902 961,2902 961,2870 842,2870 842,2871 811,2871 811,2872 807,2872 807,2873 773,2873 773,2874 772,2874 772,2875 771,2875 771,2876 770,2876 770,2877 769,2877 769,2878 768,2878 768,2879 767,2879 767,2880 766,2880 766,2882 765,2882 765,2883 764,2883 764,2884 763,2884 763,2885 762,2885 762,2886 761,2886 761,2887 758,2887 758,2888 757,2888 757,2889 756,2889 756,2888 755,2888 755,2876 610,2876 610,2877 609,2877 609,2879 608,2879 608,2881 607,2881 607,2882 606,2882 606,2884 605,2884 605,2886 604,2886 604,2888 603,2888 603,2889 602,2889 602,2891 601,2891 601,2893 600,2893 600,2894 595,2894 595,2876 463,2876 463,2877 441,2877 441,2878 437,2878 437,2879 390,2879 390,2880 389,2880 389,2881 387,2881 387,2882 297,2882 297,2926 296,2926 296,2927 272,2927 272,2928 271,2928 271,2929 270,2929 270,2931 269,2931 269,2932 268,2932 268,2934 266,2934 266,2935 264,2935 264,2933 263,2933 263,2884 237,2884 237,2883 236,2883 236,2881 237,2881 237,2880 238,2880 238,2875 239,2875 239,2873 240,2873 240,2872 241,2872 241,2871 242,2871 242,2869 243,2869 243,2868 244,2868 244,2867 245,2867 245,2865 246,2865 246,2864 247,2864 247,2863 248,2863 248,2862 249,2862 249,2860 250,2860 250,2859 251,2859 251,2858 252,2858 252,2856 253,2856 253,2855 254,2855 254,2853 255,2853 255,2851 256,2851 256,2850 257,2850 257,2849 258,2849 258,2848 259,2848 259,2846 260,2846 260,2845 261,2845 261,2844 262,2844 262,2842 263,2842 263,2841 264,2841 264,2839 265,2839 265,2838 266,2838 266,2837 267,2837 267,2836 269,2836 269,2837 270,2837 270,2860 349,2860 349,2861 351,2861 351,2862 352,2862 352,2863 462,2863 462,2862 463,2862 463,2861 490,2861 490,2860 514,2860 514,2859 515,2859 515,2858 517,2858 517,2857 552,2857 552,2855 553,2855 553,2854 554,2854 554,2852 555,2852 555,2849 556,2849 556,2847 557,2847 557,2846 558,2846 558,2842 559,2842 559,2841 560,2841 560,2840 561,2840 561,2839 562,2839 562,2838 563,2838 563,2837 564,2837 564,2835 565,2835 565,2834 566,2834 566,2832 567,2832 567,2831 569,2831 569,2830 572,2830 572,2829 574,2829 574,2828 577,2828 577,2829 578,2829 578,2831 579,2831 579,2843 710,2843 710,2844 711,2844 711,2855 813,2855 813,2854 814,2854 814,2853 816,2853 816,2852 818,2852 818,2851 909,2851 909,2837 910,2837 910,2836 911,2836 911,2835 916,2835 916,2836 917,2836 917,2837 918,2837 918,2838 919,2838 919,2850 1023,2850 1023,2849 1026,2849 1026,2848 1095,2848 1095,2847 1098,2847 1098,2846 1122,2846 1122,2845 1190,2845 1190,2844 1191,2844 1191,2842 1192,2842 1192,2840 1193,2840 1193,2839 1194,2839 1194,2838 1195,2838 1195,2837 1196,2837 1196,2836 1197,2836 1197,2834 1198,2834 1198,2833 1199,2833 1199,2832 1200,2832 1200,2831 1201,2831 1201,2830 1202,2830 1202,2828 1204,2828 1204,2827 1206,2827 1206,2826 1207,2826 1207,2825 1209,2825 1209,2824 1270,2824 1270,2823 1292,2823 1292,2822 1293,2822 1293,2821 1294,2821 1294,2820 1295,2820 1295,2818 1296,2818 1296,2817 1297,2817 1297,2816 1298,2816 1298,2815 1300,2815 1300,2814 1301,2814 1301,2813 1303,2813 1303,2812 1306,2812 1306,2811 1309,2811 1309,2812 1311,2812 1311,2814 1312,2814 1312,2815 1313,2815 1313,2820 1387,2820 1387,2821 1389,2821 1389,2822 1441,2822 1441,2823 1442,2823 1442,2824 1443,2824 1443,2838 1555,2838 1555,2837 1556,2837 1556,2836 1557,2836 1557,2834 1558,2834 1558,2833 1559,2833 1559,2832 1560,2832 1560,2830 1561,2830 1561,2829 1562,2829 1562,2828 1563,2828 1563,2826 1564,2826 1564,2825 1565,2825 1565,2823 1566,2823 1566,2821 1567,2821 1567,2820 1568,2820 1568,2819 1569,2819 1569,2818 1570,2818 1570,2817 1571,2817 1571,2815 1573,2815 1573,2814 1574,2814 1574,2813 1575,2813 1575,2812 1576,2812 1576,2811 1579,2811 1579,2810 1582,2810 1582,2811 1584,2811 1584,2827 1598,2827 1598,2828 1601,2828 1601,2829 1603,2829 1603,2830 1604,2830 1604,2837 1708,2837 1708,2835 1710,2835 1710,2834 1804,2834 1804,2833 1872,2833 1872,2832 1874,2832 1874,2831 1875,2831 1875,2830 1876,2830 1876,2829 1878,2829 1878,2828 1896,2828 1896,2827 1897,2827 1897,2826 1898,2826 1898,2824 1899,2824 1899,2822 1900,2822 1900,2821 1901,2821 1901,2819 1902,2819 1902,2818 1903,2818 1903,2816 1904,2816 1904,2815 1905,2815 1905,2814 1906,2814 1906,2813 1907,2813 1907,2812 1908,2812 1908,2811 1909,2811 1909,2810 1910,2810 1910,2809 1913,2809 1913,2808 1915,2808 1915,2807" />
        <TextEquiv>
          <Unicode>to so much pain, or in general the doing him so much</Unicode>
        </TextEquiv>
      </TextLine>
      <TextLine id="6665">
        <Coords points="423,2945 423,2946 424,2946 424,2962 479,2962 479,2963 480,2963 480,2964 481,2964 481,2966 486,2966 486,2967 487,2967 487,2972 488,2972 488,2973 503,2973 503,2974 504,2974 504,2975 503,2975 503,2976 502,2976 502,2977 497,2977 497,2978 424,2978 424,2986 423,2986 423,2987 421,2987 421,2988 267,2988 267,2989 266,2989 266,2990 247,2990 247,2991 245,2991 245,2992 242,2992 242,2991 241,2991 241,2990 240,2990 240,2989 241,2989 241,2986 242,2986 242,2984 243,2984 243,2981 244,2981 244,2980 245,2980 245,2979 246,2979 246,2978 247,2978 247,2976 248,2976 248,2975 249,2975 249,2974 259,2974 259,2973 284,2973 284,2972 289,2972 289,2971 337,2971 337,2970 338,2970 338,2969 339,2969 339,2968 340,2968 340,2967 341,2967 341,2966 343,2966 343,2965 406,2965 406,2962 407,2962 407,2961 408,2961 408,2960 409,2960 409,2959 410,2959 410,2956 411,2956 411,2955 412,2955 412,2954 413,2954 413,2951 414,2951 414,2950 415,2950 415,2949 416,2949 416,2948 417,2948 417,2947 418,2947 418,2946 420,2946 420,2945" />
        <TextEquiv>
          <Unicode>or such a</Unicode>
        </TextEquiv>
      </TextLine>
      <TextLine id="6666">
        <Coords points="937,2986 937,2987 1753,2987 1753,2988 1754,2988 1754,2989 1755,2989 1755,3013 1951,2985 1973,3053 1892,3029 1892,3030 1891,3030 1891,3031 1890,3031 1890,3032 1889,3032 1889,3033 1887,3033 1887,3034 1885,3034 1885,3035 1738,3035 1738,3043 1737,3043 1737,3050 1736,3050 1736,3051 1731,3051 1731,3054 1725,3054 1725,3055 1724,3055 1724,3056 1720,3056 1720,3057 1716,3057 1716,3058 1279,3058 1279,3090 226,3090 226,3091 225,3091 225,3092 224,3092 224,3094 223,3094 223,3095 222,3095 222,3096 221,3096 221,3099 220,3099 220,3100 219,3100 219,3102 217,3102 217,3103 214,3103 214,3100 215,3100 215,3099 216,3099 216,3097 217,3097 217,3095 218,3095 218,3094 219,3094 219,3092 220,3092 220,3091 221,3091 221,3089 222,3089 222,3087 223,3087 223,3086 224,3086 224,3084 225,3084 225,3082 226,3082 226,3081 227,3081 227,3079 228,3079 228,3077 229,3077 229,3075 230,3075 230,3073 238,3073 238,3041 239,3041 239,3040 240,3040 240,3039 241,3039 241,3038 242,3038 242,3037 243,3037 243,3036 244,3036 244,3035 245,3035 245,3034 247,3034 247,3033 249,3033 249,3032 250,3032 250,3031 253,3031 253,3030 257,3030 257,3029 346,3029 346,3028 347,3028 347,3027 349,3027 349,3026 350,3026 350,3025 351,3025 351,3024 363,3024 363,3013 365,3013 365,3012 366,3012 366,3011 392,3011 392,3010 393,3010 393,3009 394,3009 394,3008 395,3008 395,3007 396,3007 396,3006 398,3006 398,3005 400,3005 400,3004 402,3004 402,3003 478,3003 478,3002 479,3002 479,3001 480,3001 480,2999 481,2999 481,2998 483,2998 483,2997 523,2997 523,2989 524,2989 524,2988 526,2988 526,2987 934,2987 934,2986" />
        <TextEquiv>
          <Unicode>mischief, the event of his suffering such mischief was</Unicode>
        </TextEquiv>
      </TextLine>
      <TextLine id="6667">
        <Coords points="1915,3173 1941,3173 1954,3186 1987,3186 1988,3187 1988,3202 1991,3205 1991,3206 1990,3207 1990,3208 1980,3208 1979,3209 1979,3210 1977,3212 1977,3215 1973,3215 1972,3216 1972,3218 1923,3218 1922,3219 1885,3219 1884,3220 1815,3220 1814,3221 1746,3221 1745,3222 1710,3222 1709,3223 1559,3223 1558,3224 1557,3224 1556,3225 1479,3225 1452,3252 1451,3252 1450,3253 1109,3253 1108,3254 1107,3254 1106,3255 977,3255 960,3272 449,3272 448,3273 447,3273 446,3274 437,3274 394,3317 393,3317 392,3318 389,3318 388,3319 384,3319 383,3318 382,3318 344,3280 310,3280 309,3279 305,3279 304,3278 277,3278 276,3277 274,3277 273,3276 266,3276 265,3275 242,3275 241,3274 238,3274 238,3272 239,3271 239,3270 244,3265 244,3249 245,3248 245,3246 246,3245 246,3243 252,3237 252,3236 255,3233 255,3232 256,3232 258,3230 259,3230 260,3229 261,3229 262,3228 267,3228 276,3219 277,3219 278,3218 294,3218 303,3209 304,3209 306,3207 406,3207 412,3201 437,3201 440,3198 441,3198 442,3197 443,3197 444,3196 676,3196 678,3194 680,3194 681,3193 1235,3193 1236,3192 1321,3192 1328,3185 1329,3185 1330,3184 1331,3184 1333,3182 1334,3182 1335,3181 1493,3181 1496,3178 1497,3178 1498,3177 1499,3177 1500,3176 1912,3176" />
        <TextEquiv>
          <Unicode>directly intentional on your part: but if the case was that</Unicode>
        </TextEquiv>
      </TextLine>
      <TextLine id="6668">
        <Coords points="483,3319 483,3320 485,3320 485,3321 487,3321 487,3322 488,3322 488,3323 489,3323 489,3324 490,3324 490,3325 491,3325 491,3326 492,3326 492,3333 493,3333 493,3334 492,3334 492,3337 491,3337 491,3341 490,3341 490,3344 489,3344 489,3346 488,3346 488,3349 487,3349 487,3351 486,3351 486,3352 485,3352 485,3353 484,3353 484,3355 483,3355 483,3357 482,3357 482,3358 481,3358 481,3360 479,3360 479,3361 478,3361 478,3362 477,3362 477,3363 383,3363 383,3362 382,3362 382,3359 385,3359 385,3355 386,3355 386,3354 387,3354 387,3353 388,3353 388,3351 389,3351 389,3350 390,3350 390,3348 391,3348 391,3347 392,3347 392,3346 394,3346 394,3345 396,3345 396,3344 397,3344 397,3343 422,3343 422,3342 424,3342 424,3341 426,3341 426,3340 458,3340 458,3338 459,3338 459,3329 460,3329 460,3328 461,3328 461,3327 462,3327 462,3326 463,3326 463,3325 464,3325 464,3324 465,3324 465,3323 466,3323 466,3322 470,3322 470,3321 472,3321 472,3320 476,3320 476,3319" />
        <TextEquiv>
          <Unicode>cared</Unicode>
        </TextEquiv>
      </TextLine>
      <TextLine id="6669">
        <Coords points="1974,3351 1974,3352 1978,3352 1978,3353 1981,3353 1981,3354 1984,3354 1984,3355 1987,3355 1987,3356 1988,3356 1988,3357 1989,3357 1989,3358 1990,3358 1990,3359 1991,3359 1991,3360 1992,3360 1992,3361 1993,3361 1993,3362 1994,3362 1994,3364 1995,3364 1995,3369 1996,3369 1996,3370 1997,3370 1997,3378 1996,3378 1996,3381 1995,3381 1995,3386 1994,3386 1994,3388 1993,3388 1993,3389 1991,3389 1991,3392 1990,3392 1990,3394 1989,3394 1989,3395 1988,3395 1988,3396 1987,3396 1987,3397 1986,3397 1986,3400 1985,3400 1985,3401 1984,3401 1984,3402 1983,3402 1983,3403 1982,3403 1982,3404 1980,3404 1980,3405 1979,3405 1979,3406 1976,3406 1976,3408 1884,3408 1884,3409 1883,3409 1883,3410 1882,3410 1882,3411 1881,3411 1881,3413 1880,3413 1880,3415 1879,3415 1879,3416 1877,3416 1877,3417 1876,3417 1876,3419 1875,3419 1875,3420 1874,3420 1874,3421 1873,3421 1873,3422 1871,3422 1871,3423 1869,3423 1869,3424 1866,3424 1866,3408 1722,3408 1722,3409 1718,3409 1718,3408 1602,3408 1602,3409 1589,3409 1589,3429 1588,3429 1588,3433 1545,3433 1545,3435 1544,3435 1544,3436 1543,3436 1543,3437 1540,3437 1540,3436 1539,3436 1539,3415 1495,3415 1495,3414 1493,3414 1493,3413 1492,3413 1492,3412 1491,3412 1491,3411 1460,3411 1460,3410 1327,3410 1327,3411 1325,3411 1325,3412 1321,3412 1321,3411 1200,3411 1200,3412 1177,3412 1177,3413 1176,3413 1176,3415 1175,3415 1175,3416 1174,3416 1174,3417 1173,3417 1173,3418 1172,3418 1172,3420 1171,3420 1171,3421 1170,3421 1170,3422 1169,3422 1169,3423 1168,3423 1168,3424 1167,3424 1167,3425 1166,3425 1166,3415 1162,3415 1162,3431 1161,3431 1161,3432 1159,3432 1159,3415 1039,3415 1039,3418 1038,3418 1038,3419 1037,3419 1037,3420 1036,3420 1036,3422 1035,3422 1035,3423 1034,3423 1034,3425 1033,3425 1033,3426 1032,3426 1032,3427 1031,3427 1031,3428 1030,3428 1030,3430 1029,3430 1029,3431 1028,3431 1028,3432 1027,3432 1027,3435 1026,3435 1026,3436 1025,3436 1025,3437 1023,3437 1023,3438 1022,3438 1022,3439 1021,3439 1021,3443 1020,3443 1020,3444 1019,3444 1019,3448 1018,3448 1018,3450 1017,3450 1017,3451 1016,3451 1016,3452 1015,3452 1015,3453 1014,3453 1014,3454 1013,3454 1013,3455 1011,3455 1011,3456 1009,3456 1009,3457 1008,3457 1008,3456 1007,3456 1007,3420 843,3420 843,3421 765,3421 765,3422 749,3422 749,3423 747,3423 747,3457 746,3457 746,3458 743,3458 743,3457 742,3457 742,3428 666,3428 666,3427 663,3427 663,3426 661,3426 661,3425 555,3425 555,3426 532,3426 532,3427 530,3427 530,3428 527,3428 527,3429 424,3429 424,3433 423,3433 423,3434 420,3434 420,3435 370,3435 370,3470 369,3470 369,3471 368,3471 368,3473 366,3473 366,3474 363,3474 363,3475 348,3475 348,3477 347,3477 347,3479 346,3479 346,3480 345,3480 345,3481 342,3481 342,3479 341,3479 341,3470 239,3470 239,3471 238,3471 238,3472 236,3472 236,3473 234,3473 234,3472 233,3472 233,3470 234,3470 234,3422 235,3422 235,3421 236,3421 236,3420 237,3420 237,3419 238,3419 238,3417 239,3417 239,3416 240,3416 240,3414 241,3414 241,3413 242,3413 242,3412 243,3412 243,3411 244,3411 244,3410 245,3410 245,3409 266,3409 266,3408 267,3408 267,3407 269,3407 269,3408 389,3408 389,3407 391,3407 391,3406 393,3406 393,3405 394,3405 394,3404 399,3404 399,3402 400,3402 400,3401 401,3401 401,3400 402,3400 402,3399 430,3399 430,3397 431,3397 431,3394 432,3394 432,3393 433,3393 433,3392 434,3392 434,3390 435,3390 435,3389 436,3389 436,3388 438,3388 438,3387 440,3387 440,3386 446,3386 446,3387 448,3387 448,3388 449,3388 449,3390 450,3390 450,3391 451,3391 451,3401 452,3401 452,3407 558,3407 558,3406 559,3406 559,3405 560,3405 560,3403 561,3403 561,3402 562,3402 562,3400 563,3400 563,3399 564,3399 564,3396 565,3396 565,3394 566,3394 566,3393 567,3393 567,3391 568,3391 568,3390 569,3390 569,3389 570,3389 570,3388 573,3388 573,3389 574,3389 574,3407 700,3407 700,3406 794,3406 794,3405 797,3405 797,3404 799,3404 799,3403 800,3403 800,3402 801,3402 801,3400 802,3400 802,3398 803,3398 803,3396 804,3396 804,3394 805,3394 805,3392 806,3392 806,3390 807,3390 807,3388 808,3388 808,3386 809,3386 809,3385 811,3385 811,3383 812,3383 812,3382 814,3382 814,3381 816,3381 816,3380 817,3380 817,3379 819,3379 819,3378 822,3378 822,3377 918,3377 918,3376 919,3376 919,3375 924,3375 924,3376 928,3376 928,3377 929,3377 929,3379 930,3379 930,3398 1147,3398 1147,3356 1148,3356 1148,3355 1148,3398 1181,3398 1181,3391 1182,3391 1182,3390 1184,3390 1184,3388 1185,3388 1185,3387 1186,3387 1186,3386 1187,3386 1187,3385 1189,3385 1189,3384 1275,3384 1275,3383 1276,3383 1276,3382 1277,3382 1277,3381 1278,3381 1278,3380 1279,3380 1279,3379 1280,3379 1280,3378 1281,3378 1281,3376 1282,3376 1282,3374 1283,3374 1283,3371 1284,3371 1284,3369 1333,3369 1333,3367 1334,3367 1334,3366 1336,3366 1336,3365 1337,3365 1337,3364 1339,3364 1339,3363 1340,3363 1340,3362 1342,3362 1342,3361 1345,3361 1345,3360 1346,3360 1346,3361 1348,3361 1348,3363 1349,3363 1349,3382 1463,3382 1463,3381 1473,3381 1473,3380 1477,3380 1477,3379 1478,3379 1478,3378 1479,3378 1479,3377 1480,3377 1480,3376 1481,3376 1481,3374 1482,3374 1482,3373 1483,3373 1483,3372 1484,3372 1484,3371 1485,3371 1485,3370 1487,3370 1487,3369 1490,3369 1490,3368 1493,3368 1493,3369 1494,3369 1494,3371 1546,3371 1546,3372 1547,3372 1547,3383 1653,3383 1653,3379 1654,3379 1654,3378 1655,3378 1655,3377 1659,3377 1659,3378 1660,3378 1660,3379 1741,3379 1741,3380 1742,3380 1742,3390 1859,3390 1859,3388 1860,3388 1860,3387 1861,3387 1861,3386 1862,3386 1862,3385 1863,3385 1863,3382 1864,3382 1864,3381 1865,3381 1865,3380 1866,3380 1866,3379 1867,3379 1867,3377 1868,3377 1868,3376 1869,3376 1869,3374 1870,3374 1870,3373 1871,3373 1871,3372 1872,3372 1872,3371 1873,3371 1873,3370 1874,3370 1874,3369 1875,3369 1875,3368 1876,3368 1876,3366 1878,3366 1878,3365 1879,3365 1879,3364 1913,3364 1913,3363 1915,3363 1915,3362 1916,3362 1916,3361 1919,3361 1919,3360 1922,3360 1922,3359 1924,3359 1924,3358 1925,3358 1925,3357 1927,3357 1927,3356 1931,3356 1931,3355 1935,3355 1935,3354 1940,3354 1940,3353 1949,3353 1949,3352 1956,3352 1956,3351" />
        <TextEquiv>
          <Unicode>you did not care whether you put him to pain or not, and</Unicode>
        </TextEquiv>
      </TextLine>
      <TextLine id="6670">
        <Coords points="1674,3476 1674,3477 1685,3477 1685,3478 1840,3478 1840,3479 1841,3479 1841,3481 1879,3481 1879,3482 1880,3482 1880,3484 1878,3484 1878,3485 1876,3485 1876,3486 1872,3486 1872,3487 1869,3487 1869,3488 1867,3488 1867,3489 1861,3489 1861,3490 1855,3490 1855,3491 1804,3491 1804,3492 1800,3492 1800,3493 1798,3493 1798,3494 1765,3494 1765,3495 1759,3495 1759,3494 1662,3494 1662,3487 1659,3487 1659,3484 1660,3484 1660,3482 1661,3482 1661,3481 1662,3481 1662,3480 1663,3480 1663,3479 1664,3479 1664,3478 1665,3478 1665,3477 1671,3477 1671,3476" />
        <TextEquiv>
          <Unicode>get remove</Unicode>
        </TextEquiv>
      </TextLine>
      <TextLine id="6671">
        <Coords points="1805,3498 1805,3499 1806,3499 1806,3517 1815,3517 1815,3518 1817,3518 1817,3519 1818,3519 1818,3542 1905,3542 1905,3552 1933,3552 1933,3553 1935,3553 1935,3572 1970,3572 1970,3573 1973,3573 1973,3574 1975,3574 1975,3575 1976,3575 1976,3583 1979,3583 1979,3589 1979,3588 1927,3588 1927,3587 1727,3587 1727,3588 1726,3588 1726,3589 1724,3589 1724,3590 1710,3590 1710,3591 1709,3591 1709,3592 1707,3592 1707,3593 1666,3593 1666,3615 1665,3615 1665,3616 1664,3616 1664,3617 1662,3617 1662,3618 1636,3618 1636,3619 1635,3619 1635,3620 1634,3620 1634,3621 1633,3621 1633,3622 1631,3622 1631,3623 1627,3623 1627,3621 1626,3621 1626,3592 1577,3592 1577,3586 1467,3586 1467,3587 1462,3587 1462,3588 1360,3588 1360,3589 1357,3589 1357,3590 1355,3590 1355,3591 1263,3591 1263,3605 1262,3605 1262,3606 1246,3606 1246,3607 1243,3607 1243,3608 1241,3608 1241,3609 1240,3609 1240,3610 1239,3610 1239,3611 1238,3611 1238,3613 1237,3613 1237,3615 1236,3615 1236,3618 1235,3618 1235,3620 1234,3620 1234,3622 1233,3622 1233,3624 1232,3624 1232,3626 1231,3626 1231,3628 1230,3628 1230,3630 1229,3630 1229,3631 1228,3631 1228,3633 1227,3633 1227,3637 1226,3637 1226,3638 1225,3638 1225,3639 1223,3639 1223,3642 1222,3642 1222,3644 1221,3644 1221,3645 1220,3645 1220,3646 1219,3646 1219,3647 1218,3647 1218,3648 1217,3648 1217,3649 1216,3649 1216,3650 1215,3650 1215,3651 1213,3651 1213,3652 1211,3652 1211,3653 1209,3653 1209,3654 1208,3654 1208,3653 1206,3653 1206,3651 1205,3651 1205,3594 1072,3594 1072,3595 1070,3595 1070,3596 1002,3596 1002,3597 999,3597 999,3598 972,3598 972,3599 939,3599 939,3602 938,3602 938,3604 937,3604 937,3607 936,3607 936,3610 935,3610 935,3612 934,3612 934,3615 933,3615 933,3616 932,3616 932,3618 931,3618 931,3619 930,3619 930,3620 929,3620 929,3622 928,3622 928,3623 927,3623 927,3624 923,3624 923,3622 922,3622 922,3600 820,3600 820,3601 817,3601 817,3602 754,3602 754,3603 664,3603 664,3604 662,3604 662,3605 659,3605 659,3606 643,3606 643,3607 615,3607 615,3608 613,3608 613,3609 594,3609 594,3610 592,3610 592,3611 589,3611 589,3612 534,3612 534,3614 533,3614 533,3616 532,3616 532,3617 531,3617 531,3619 530,3619 530,3620 529,3620 529,3621 528,3621 528,3622 527,3622 527,3623 526,3623 526,3624 525,3624 525,3627 524,3627 524,3628 523,3628 523,3630 522,3630 522,3631 521,3631 521,3632 520,3632 520,3633 519,3633 519,3636 518,3636 518,3646 517,3646 517,3647 516,3647 516,3648 515,3648 515,3649 514,3649 514,3650 510,3650 510,3651 435,3651 435,3658 435,3657 434,3657 434,3617 416,3617 416,3616 414,3616 414,3615 413,3615 413,3612 284,3612 284,3613 265,3613 265,3614 264,3614 264,3617 263,3617 263,3618 262,3618 262,3620 261,3620 261,3622 260,3622 260,3623 259,3623 259,3625 258,3625 258,3627 257,3627 257,3629 256,3629 256,3631 255,3631 255,3632 254,3632 254,3634 253,3634 253,3635 252,3635 252,3637 251,3637 251,3638 250,3638 250,3640 249,3640 249,3642 248,3642 248,3644 247,3644 247,3648 246,3648 246,3651 245,3651 245,3653 244,3653 244,3654 243,3654 243,3655 242,3655 242,3657 241,3657 241,3658 240,3658 240,3660 239,3660 239,3661 238,3661 238,3662 237,3662 237,3663 236,3663 236,3664 233,3664 233,3665 232,3665 232,3664 230,3664 231,3664 231,3621 232,3621 232,3620 233,3620 233,3619 234,3619 234,3618 235,3618 235,3617 236,3617 236,3616 237,3616 237,3614 238,3614 238,3613 239,3613 239,3611 240,3611 240,3610 241,3610 241,3609 242,3609 242,3608 243,3608 243,3607 244,3607 244,3605 245,3605 245,3604 246,3604 246,3603 247,3603 247,3602 248,3602 248,3601 249,3601 249,3599 250,3599 250,3598 251,3598 251,3597 252,3597 252,3596 253,3596 253,3595 288,3595 288,3594 292,3594 292,3593 368,3593 368,3592 372,3592 372,3591 375,3591 375,3592 376,3592 376,3593 377,3593 377,3596 499,3596 499,3593 500,3593 500,3592 501,3592 501,3591 502,3591 502,3590 504,3590 504,3588 505,3588 505,3587 506,3587 506,3586 507,3586 507,3585 508,3585 508,3583 509,3583 509,3582 510,3582 510,3580 511,3580 511,3579 512,3579 512,3578 513,3578 513,3576 514,3576 514,3575 515,3575 515,3574 516,3574 516,3573 517,3573 517,3572 518,3572 518,3570 519,3570 519,3569 520,3569 520,3568 521,3568 521,3567 522,3567 522,3566 523,3566 523,3565 524,3565 524,3564 526,3564 526,3563 528,3563 528,3562 530,3562 530,3561 533,3561 533,3562 534,3562 534,3565 613,3565 613,3566 614,3566 614,3568 681,3568 681,3569 683,3569 683,3570 684,3570 684,3573 685,3573 685,3586 818,3586 818,3585 820,3585 820,3584 822,3584 822,3583 882,3583 882,3582 883,3582 883,3581 884,3581 884,3580 885,3580 885,3578 886,3578 886,3576 887,3576 887,3575 888,3575 888,3573 889,3573 889,3572 890,3572 890,3570 891,3570 891,3568 892,3568 892,3566 893,3566 893,3565 894,3565 894,3564 895,3564 895,3562 896,3562 896,3560 897,3560 897,3559 898,3559 898,3558 899,3558 899,3557 957,3557 957,3556 958,3556 958,3555 959,3555 959,3553 960,3553 960,3551 961,3551 961,3550 962,3550 962,3549 963,3549 963,3548 964,3548 964,3547 965,3547 965,3545 966,3545 966,3544 967,3544 967,3543 968,3543 968,3541 969,3541 969,3540 970,3540 970,3539 972,3539 972,3538 973,3538 973,3537 974,3537 974,3535 976,3535 976,3534 978,3534 978,3533 980,3533 980,3532 986,3532 986,3534 987,3534 987,3535 988,3535 988,3557 1090,3557 1090,3555 1091,3555 1091,3554 1094,3554 1094,3553 1133,3553 1133,3552 1135,3552 1135,3551 1158,3551 1158,3550 1159,3550 1159,3549 1161,3549 1161,3548 1162,3548 1162,3547 1164,3547 1164,3546 1165,3546 1165,3545 1167,3545 1167,3544 1167,3545 1169,3545 1169,3546 1170,3546 1170,3548 1171,3548 1171,3556 1196,3556 1196,3557 1197,3557 1197,3569 1299,3569 1299,3568 1300,3568 1300,3567 1302,3567 1302,3566 1303,3566 1303,3565 1304,3565 1304,3564 1306,3564 1306,3563 1307,3563 1307,3562 1308,3562 1308,3561 1309,3561 1309,3560 1310,3560 1310,3559 1311,3559 1311,3558 1312,3558 1312,3557 1313,3557 1313,3556 1314,3556 1314,3555 1315,3555 1315,3554 1316,3554 1316,3552 1317,3552 1317,3551 1318,3551 1318,3550 1319,3550 1319,3549 1320,3549 1320,3548 1321,3548 1321,3547 1322,3547 1322,3546 1323,3546 1323,3545 1324,3545 1324,3544 1325,3544 1325,3543 1328,3543 1328,3554 1357,3554 1357,3555 1358,3555 1358,3556 1360,3556 1360,3557 1361,3557 1361,3558 1362,3558 1362,3571 1550,3571 1550,3569 1599,3569 1599,3568 1600,3568 1600,3566 1601,3566 1601,3565 1602,3565 1602,3564 1603,3564 1603,3563 1604,3563 1604,3561 1605,3561 1605,3560 1606,3560 1606,3558 1607,3558 1607,3557 1608,3557 1608,3556 1609,3556 1609,3555 1610,3555 1610,3554 1611,3554 1611,3552 1612,3552 1612,3551 1613,3551 1613,3549 1614,3549 1614,3548 1615,3548 1615,3546 1616,3546 1616,3545 1617,3545 1617,3544 1702,3544 1702,3543 1703,3543 1703,3542 1705,3542 1705,3541 1706,3541 1706,3540 1707,3540 1707,3539 1709,3539 1709,3538 1713,3538 1713,3522 1714,3522 1714,3521 1715,3521 1715,3520 1716,3520 1716,3519 1718,3519 1718,3518 1720,3518 1720,3517 1723,3517 1723,3516 1725,3516 1725,3515 1731,3515 1731,3514 1734,3514 1734,3513 1739,3513 1739,3512 1742,3512 1742,3511 1746,3511 1746,3510 1754,3510 1754,3509 1792,3509 1792,3508 1794,3508 1794,3507 1796,3507 1796,3506 1797,3506 1797,3505 1798,3505 1798,3504 1799,3504 1799,3502 1800,3502 1800,3501 1801,3501 1801,3500 1802,3500 1802,3499 1804,3499 1804,3498" />
        <TextEquiv>
          <Unicode>your only inducement for striking him was to make him</Unicode>
        </TextEquiv>
      </TextLine>
      <TextLine id="6672">
        <Coords points="885,3608 887,3608 887,3609 888,3609 888,3610 887,3610 887,3613 886,3613 886,3615 885,3615 885,3616 884,3616 884,3617 883,3617 883,3618 882,3618 882,3619 881,3619 881,3620 880,3620 880,3622 879,3622 879,3624 878,3624 878,3625 877,3625 877,3626 876,3626 876,3627 875,3627 875,3646 874,3646 874,3647 873,3647 873,3649 872,3649 872,3650 871,3650 871,3651 870,3651 870,3652 869,3652 869,3653 868,3653 868,3654 867,3654 867,3655 865,3655 865,3656 864,3656 864,3657 863,3657 863,3658 862,3658 862,3659 861,3659 861,3660 860,3660 860,3661 859,3661 859,3662 858,3662 858,3663 857,3663 857,3664 856,3664 856,3665 854,3665 854,3666 853,3666 853,3667 851,3667 851,3669 850,3669 850,3670 849,3670 849,3671 848,3671 848,3672 847,3672 847,3673 845,3673 845,3674 845,3673 843,3673 843,3672 842,3672 842,3655 738,3655 738,3654 737,3654 737,3653 736,3653 736,3650 737,3650 737,3649 739,3649 739,3644 740,3644 740,3642 741,3642 741,3641 742,3641 742,3640 743,3640 743,3639 744,3639 744,3638 745,3638 745,3637 747,3637 747,3636 748,3636 748,3635 750,3635 750,3634 799,3634 799,3633 800,3633 800,3632 801,3632 801,3630 802,3630 802,3628 803,3628 803,3627 805,3627 805,3625 806,3625 806,3624 807,3624 807,3623 808,3623 808,3622 809,3622 809,3621 810,3621 810,3620 812,3620 812,3619 874,3619 874,3618 875,3618 875,3617 876,3617 876,3616 877,3616 877,3615 878,3615 878,3614 879,3614 879,3613 880,3613 880,3611 881,3611 881,3610 882,3610 882,3609 883,3609 883,3608 885,3608 885,3607" />
        <TextEquiv>
          <Unicode>out of</Unicode>
        </TextEquiv>
      </TextLine>
      <TextLine id="6673">
        <Coords points="498,3654 511,3654 511,3655 514,3655 514,3656 516,3656 516,3657 517,3657 517,3658 518,3658 518,3660 519,3660 519,3661 520,3661 520,3663 521,3663 521,3664 785,3664 785,3665 820,3681 917,3665 917,3666 918,3666 918,3679 989,3679 989,3680 1044,3680 1044,3686 1069,3686 1069,3687 1070,3687 1070,3689 1069,3689 1069,3690 1068,3690 1068,3693 1417,3693 1417,3675 1418,3675 1418,3673 1419,3673 1419,3672 1420,3672 1420,3671 1482,3671 1482,3670 1484,3670 1484,3669 1550,3669 1550,3668 1551,3668 1551,3667 1552,3667 1552,3666 1553,3666 1553,3665 1557,3665 1557,3669 1556,3669 1556,3671 1555,3671 1555,3672 1554,3672 1554,3673 1553,3673 1553,3674 1552,3674 1552,3676 1551,3676 1551,3677 1550,3677 1550,3678 1549,3678 1549,3679 1548,3679 1548,3681 1547,3681 1547,3682 1546,3682 1546,3683 1545,3683 1545,3685 1544,3685 1544,3708 1543,3708 1543,3709 1537,3709 1537,3710 1532,3710 1532,3711 1530,3711 1530,3712 1529,3712 1529,3714 1528,3714 1528,3715 1527,3715 1527,3716 1525,3716 1525,3717 1521,3717 1521,3718 1520,3718 1520,3719 1519,3719 1519,3721 1517,3721 1517,3722 1515,3722 1515,3724 1514,3724 1514,3725 1513,3725 1513,3726 1511,3726 1511,3727 1510,3727 1510,3728 1508,3728 1508,3729 1507,3729 1507,3730 1506,3730 1506,3731 1505,3731 1505,3732 1503,3732 1503,3733 1502,3733 1502,3734 1501,3734 1501,3735 1500,3735 1500,3736 1499,3736 1499,3737 1496,3737 1496,3713 1049,3713 1049,3714 1047,3714 1047,3715 1046,3715 1046,3717 1045,3717 1045,3718 1044,3718 1044,3719 1043,3719 1043,3720 1041,3720 1041,3721 1040,3721 1040,3722 1039,3722 1039,3723 1038,3723 1038,3724 1036,3724 1036,3725 1034,3725 1034,3726 1030,3726 1030,3727 1028,3727 1028,3728 1017,3728 1017,3729 865,3729 865,3732 864,3732 864,3733 862,3733 862,3734 861,3734 861,3735 842,3735 842,3736 841,3736 841,3737 839,3737 839,3738 837,3738 837,3727 277,3727 277,3730 276,3730 276,3729 249,3729 249,3728 248,3728 248,3727 247,3727 247,3725 246,3725 246,3722 247,3722 247,3720 248,3720 248,3719 249,3719 249,3718 251,3718 251,3717 252,3717 252,3716 254,3716 254,3715 265,3715 265,3711 266,3711 266,3710 267,3710 267,3709 268,3709 268,3708 269,3708 269,3707 271,3707 271,3706 272,3706 272,3705 273,3705 273,3704 274,3704 274,3703 276,3703 276,3702 292,3702 292,3701 293,3701 293,3700 294,3700 294,3698 295,3698 295,3696 296,3696 296,3694 297,3694 297,3692 298,3692 298,3691 299,3691 299,3689 300,3689 300,3687 301,3687 301,3686 302,3686 302,3685 303,3685 303,3684 304,3684 304,3683 305,3683 305,3682 307,3682 307,3681 354,3681 354,3680 355,3680 355,3679 356,3679 356,3678 357,3678 357,3677 358,3677 358,3676 359,3676 359,3675 360,3675 360,3674 361,3674 361,3673 365,3673 365,3672 371,3672 371,3671 477,3671 477,3663 478,3663 478,3662 479,3662 479,3661 482,3661 482,3660 484,3660 484,3659 486,3659 486,3658 487,3658 487,3657 490,3657 490,3656 494,3656 494,3655 498,3655" />
        <TextEquiv>
          <Unicode>stand aside and &lt;gap/&gt; the way mischief &lt;INS&gt;</Unicode>
        </TextEquiv>
      </TextLine>
      <TextLine id="6674">
        <Coords points="1826,3721 1826,3722 1828,3722 1828,3727 1932,3727 1932,3726 1934,3726 1934,3725 1937,3725 1937,3726 1938,3726 1938,3727 1939,3727 1939,3735 1950,3735 1950,3736 1951,3736 1951,3737 1953,3737 1953,3739 1954,3739 1954,3751 1962,3751 1962,3752 1963,3752 1963,3753 1984,3741 2005,3769 1970,3770 1969,3770 1969,3771 1959,3771 1959,3772 1958,3772 1958,3773 1957,3773 1957,3775 1955,3775 1955,3776 1954,3776 1954,3778 1953,3778 1953,3779 1951,3779 1951,3783 1950,3783 1950,3786 1949,3786 1949,3787 1948,3787 1948,3788 1947,3788 1947,3790 1946,3790 1946,3792 1945,3792 1945,3794 1944,3794 1944,3796 1943,3796 1943,3799 1942,3799 1942,3803 1941,3803 1941,3805 1940,3805 1940,3806 1939,3806 1939,3807 1938,3807 1938,3808 1936,3808 1936,3809 1934,3809 1934,3810 1932,3810 1932,3809 1931,3809 1931,3808 1930,3808 1930,3807 1851,3807 1851,3806 1850,3806 1850,3805 1849,3805 1849,3769 1719,3769 1719,3768 1718,3768 1718,3767 1717,3767 1717,3766 1635,3766 1635,3765 1510,3765 1510,3766 1509,3766 1509,3767 1508,3767 1508,3769 1507,3769 1507,3770 1505,3770 1505,3771 1504,3771 1504,3772 1503,3772 1503,3774 1502,3774 1502,3776 1501,3776 1501,3779 1500,3779 1500,3781 1499,3781 1499,3782 1498,3782 1498,3784 1497,3784 1497,3787 1496,3787 1496,3788 1494,3788 1494,3789 1493,3789 1493,3791 1492,3791 1492,3792 1490,3792 1490,3793 1489,3793 1489,3794 1488,3794 1488,3795 1486,3795 1486,3796 1484,3796 1484,3797 1483,3797 1483,3798 1481,3798 1481,3799 1477,3799 1477,3797 1476,3797 1476,3772 1329,3772 1329,3774 1328,3774 1328,3775 1327,3775 1327,3776 1326,3776 1326,3777 1324,3777 1324,3776 1322,3776 1322,3775 1320,3775 1320,3774 1319,3774 1319,3770 1203,3770 1203,3771 1202,3771 1202,3772 1178,3772 1178,3776 1177,3776 1177,3777 1175,3777 1175,3778 1174,3778 1174,3779 1173,3779 1173,3783 1172,3783 1172,3785 1171,3785 1171,3786 1170,3786 1170,3788 1169,3788 1169,3790 1168,3790 1168,3791 1167,3791 1167,3793 1166,3793 1166,3794 1165,3794 1165,3795 1164,3795 1164,3796 1162,3796 1162,3797 1161,3797 1161,3798 1160,3798 1160,3799 1159,3799 1159,3800 1157,3800 1157,3801 1154,3801 1154,3802 1148,3802 1148,3801 1147,3801 1147,3774 1137,3774 1137,3773 995,3773 995,3774 916,3774 912,3777 801,3777 801,3778 798,3778 798,3779 797,3779 797,3781 796,3781 796,3783 795,3783 795,3785 794,3785 794,3786 793,3786 793,3788 792,3788 792,3789 791,3789 791,3791 790,3791 790,3793 789,3793 789,3795 788,3795 788,3797 787,3797 787,3799 786,3799 786,3801 785,3801 785,3802 784,3802 784,3804 783,3804 783,3808 782,3808 782,3809 781,3809 781,3810 780,3810 780,3811 778,3811 778,3812 753,3812 753,3824 751,3824 751,3786 607,3786 607,3787 606,3787 606,3788 605,3788 605,3789 604,3789 604,3790 603,3790 603,3793 602,3793 602,3795 601,3795 601,3796 600,3796 600,3797 599,3797 599,3798 598,3798 598,3799 597,3799 597,3801 596,3801 596,3803 595,3803 595,3804 594,3804 594,3805 593,3805 593,3806 592,3806 592,3807 591,3807 591,3808 590,3808 590,3810 589,3810 589,3811 588,3811 588,3812 587,3812 587,3814 586,3814 586,3815 585,3815 585,3817 584,3817 584,3819 583,3819 583,3823 582,3823 582,3824 581,3824 581,3825 580,3825 580,3826 579,3826 579,3827 578,3827 578,3828 577,3828 577,3829 574,3829 574,3830 572,3830 572,3781 467,3781 467,3782 466,3782 466,3783 460,3783 460,3784 434,3784 434,3785 387,3785 387,3786 282,3786 282,3787 276,3787 276,3788 275,3788 275,3787 274,3787 274,3786 271,3786 215,3790 193,3777 273,3764 273,3763 274,3763 274,3762 275,3762 275,3760 276,3760 276,3759 277,3759 277,3757 278,3757 278,3755 279,3755 279,3754 280,3754 280,3752 281,3752 281,3751 282,3751 282,3750 283,3750 283,3749 284,3749 284,3748 285,3748 285,3747 286,3747 286,3746 287,3746 287,3744 288,3744 288,3743 290,3743 290,3742 291,3742 291,3741 292,3741 292,3740 294,3740 294,3739 297,3739 297,3738 300,3738 300,3753 402,3753 402,3752 403,3752 403,3750 404,3750 404,3749 405,3749 405,3747 406,3747 406,3746 407,3746 407,3744 408,3744 408,3743 409,3743 409,3742 411,3742 411,3741 412,3741 412,3742 446,3742 446,3743 448,3743 448,3744 449,3744 449,3762 555,3762 555,3761 556,3761 556,3762 669,3762 669,3761 670,3761 670,3760 671,3760 671,3759 672,3759 672,3758 673,3758 673,3757 674,3757 674,3756 675,3756 675,3755 676,3755 676,3754 678,3754 678,3752 679,3752 679,3751 680,3751 680,3749 681,3749 681,3748 682,3748 682,3746 683,3746 683,3745 684,3745 684,3744 685,3744 685,3743 686,3743 686,3742 687,3742 687,3741 688,3741 688,3740 689,3740 689,3739 690,3739 690,3738 691,3738 691,3737 692,3737 692,3735 693,3735 693,3734 724,3734 724,3733 725,3733 725,3732 726,3732 726,3730 727,3730 727,3729 729,3729 729,3728 731,3728 731,3727 733,3727 733,3726 736,3726 736,3725 739,3725 739,3724 741,3724 741,3725 742,3725 742,3742 909,3742 909,3741 910,3741 910,3740 912,3740 912,3739 913,3739 913,3738 917,3738 917,3737 1015,3737 1015,3736 1016,3736 1016,3735 1017,3735 1017,3734 1018,3734 1018,3735 1020,3735 1020,3738 1046,3738 1046,3739 1047,3739 1047,3740 1048,3740 1048,3741 1049,3741 1049,3754 1158,3754 1158,3753 1165,3753 1165,3752 1167,3752 1167,3751 1168,3751 1168,3749 1169,3749 1169,3748 1170,3748 1170,3747 1171,3747 1171,3746 1172,3746 1172,3745 1173,3745 1173,3744 1174,3744 1174,3742 1176,3742 1176,3741 1177,3741 1177,3740 1178,3740 1178,3739 1179,3739 1179,3737 1183,3737 1183,3736 1184,3736 1184,3735 1186,3735 1186,3734 1187,3734 1187,3731 1188,3731 1188,3729 1189,3729 1189,3728 1190,3728 1190,3727 1191,3727 1191,3726 1192,3726 1192,3725 1265,3725 1265,3726 1266,3726 1266,3727 1267,3727 1267,3734 1349,3734 1349,3743 1456,3743 1456,3742 1462,3742 1462,3741 1500,3741 1500,3740 1502,3740 1502,3739 1504,3739 1504,3738 1553,3738 1553,3739 1554,3739 1554,3740 1555,3740 1555,3741 1588,3741 1588,3746 1691,3746 1691,3745 1692,3745 1692,3744 1728,3744 1728,3743 1729,3743 1729,3742 1730,3742 1730,3741 1732,3741 1732,3740 1733,3740 1733,3739 1734,3739 1734,3738 1735,3738 1735,3737 1736,3737 1736,3736 1737,3736 1737,3734 1738,3734 1738,3733 1739,3733 1739,3732 1741,3732 1741,3731 1742,3731 1742,3730 1743,3730 1743,3729 1744,3729 1744,3728 1745,3728 1745,3727 1747,3727 1747,3726 1749,3726 1749,3725 1823,3725 1823,3724 1824,3724 1824,3722 1825,3722 1825,3721" />
        <TextEquiv>
          <Unicode>clear the way the production of the damage was but obliq=-</Unicode>
        </TextEquiv>
      </TextLine>
      <TextLine id="6675">
        <Coords points="1863,3837 1863,3838 1864,3838 1864,3865 1882,3865 1882,3866 1883,3866 1883,3867 1882,3867 1882,3869 1881,3869 1881,3870 1880,3870 1880,3872 1878,3872 1878,3873 1877,3873 1877,3874 1876,3874 1876,3875 1875,3875 1875,3876 1874,3876 1874,3877 1873,3877 1873,3878 1872,3878 1872,3879 1871,3879 1871,3881 1870,3881 1870,3882 1869,3882 1869,3883 1868,3883 1868,3885 1867,3885 1867,3887 1866,3887 1866,3888 1865,3888 1865,3889 1864,3889 1864,3890 1863,3890 1863,3891 1862,3891 1862,3893 1861,3893 1861,3895 1860,3895 1860,3897 1859,3897 1859,3898 1858,3898 1858,3899 1857,3899 1857,3900 1856,3900 1856,3901 1855,3901 1855,3903 1854,3903 1854,3905 1853,3905 1853,3906 1852,3906 1852,3907 1851,3907 1851,3908 1850,3908 1850,3910 1849,3910 1849,3911 1847,3911 1847,3913 1846,3913 1846,3915 1845,3915 1845,3916 1844,3916 1844,3917 1843,3917 1843,3918 1842,3918 1842,3919 1841,3919 1841,3921 1840,3921 1840,3923 1839,3923 1839,3925 1838,3925 1838,3927 1837,3927 1837,3928 1836,3928 1836,3929 1834,3929 1834,3930 1829,3930 1829,3931 1828,3931 1828,3930 1827,3930 1827,3901 1744,3901 1744,3899 1743,3899 1743,3868 1732,3868 1732,3867 1731,3867 1732,3867 1732,3866 1733,3866 1733,3865 1734,3865 1734,3855 1740,3855 1740,3854 1756,3854 1756,3853 1760,3853 1760,3852 1762,3852 1762,3851 1763,3851 1763,3850 1766,3850 1766,3849 1768,3849 1768,3848 1849,3848 1849,3846 1850,3846 1850,3845 1851,3845 1851,3844 1852,3844 1852,3843 1853,3843 1853,3841 1854,3841 1854,3840 1855,3840 1855,3839 1858,3839 1858,3838 1860,3838 1860,3837" />
        <TextEquiv>
          <Unicode>-=quely</Unicode>
        </TextEquiv>
      </TextLine>
    </TextRegion>
  </Page>
</PcGts>