2731 4096
408 131 894 307 To be copied
963 148 2087 276 otherwise have merit. Even
963 311 2448 426 though Montesquieu falls into the same
925 371 2404 507 Had our author attended to this, he might
960 504 2520 593 error as our Author in confounding compacts
909 595 2383 760 perhaps have told us, in the words of Montes­
1872 647 2540 739 there is a difference
940 709 2510 829 and principles with Laws,: still his mistakes
371 793 1717 879 however; the mistakes of Montesquieu
912 829 2506 966 ­quieu that, are the mistakes of a man of
445 948 2530 1075 Genius: whilst those of our Author speak only therewith
455 1017 1728 1147 copyist. Thus Montesquieu has said:
925 1056 2350 1234 "Le droit des gens est naturellement fondé
926 1290 2373 1426 "sur ce principes que les diverses nations doi=­
927 1488 2392 1733 ­"vent "se faire dans la paix le plus de bien, et
931 1748 2340 1985 "dans la guerre le moins de mal qu'il est
915 2008 2406 2161 "possible, sans nuire á leurs veritables interêts.
931 2244 2386 2411 "_ L'objet de la guerre, c'est la victoire: celui
938 2491 2366 2665 "do la victoire, la conquete; celui de la conquête,
926 2696 2424 2865 "la conservation, De ce principe, et du precedents
935 2985 2365 3118 "doivent deriver toutes les loix qui forment les
928 3240 1464 3402 "droit des gens.
1448 3284 2443 3393 _ rules fairly deducible from
450 3360 2523 3461 though these are not Laws. They are principles conformable to
503 3437 2180 3574 the great principle of imprest upon us by nature.
746 3503 2259 3722 One then might have added, that however
2027 3650 2380 3759 essential
1403 3854 1667 3956 63
