2731 4096
238 428 2154 618 "operation of this act is spent upon Titius only, &
195 536 2021 765 "has no relation to the Community at large" _ Is
1543 776 1615 828 &
199 743 2148 906 this true? Were a man to receive, harbor, and
203 923 2136 1090 abet this same Titius after he was attainted,
218 1101 2137 1306 would the operation of the Act be so thoroughly
207 1262 2068 1374 spent upon Titius, as not to have reserved
222 1414 1763 1553 a stroke a two for his friend? Not
219 1564 2135 1731 Not knowing what to do with this Act of attainder, our
242 1739 2077 1922 Author tells an which to be sure is an ugly kind of
243 1870 1753 2026 Creature enough, our Author tells us
813 1973 986 2015 with
1620 2020 1900 2122 with
1435 3117 1443 3123 **<SUB>** 77
