2731 4096
632 301 2502 469 have one or ten persons, or the whole Community
638 424 2522 562 in view: whether the operation of that will be confined
638 568 2537 730 to a day, or a month, or a year: or be extended to any
2332 720 2497 775 the
628 726 2536 886 number of years still it is an expression of will,
646 880 1948 1036 of the Legislator & therefore a Law.
646 1046 2556 1221 Farther though a benefit granted by the legislature
654 1189 2476 1358 may be confined to a particular person, yet
2120 1367 2289 1424 the
606 1357 2543 1526 that same act contains a declaration of will of the
655 1476 2564 1769 Legislature, which is addressed to all the community.
674 1676 2551 1883 It's directions do, it's penalties may extend to all.
665 1816 2584 2011 The same Law which gives the field to Titius directs
641 2006 2451 2208 every member of the Community to abstain
617 2144 2578 2408 from that field; & denounces penalties agt every
665 2343 2517 2510 member of the Community who shall inter­
658 2496 2517 2695 ­:rupt Titius in the peaceable enjoyment of
581 2606 1046 2840 the field.
614 2814 2571 2961 But says our author "a particular act of the Legislature
658 2962 2528 3120 "to confiscate the goods of Titius & to attaint him
658 3122 2537 3285 "of high treason does not enter in to the idea of
662 3250 2508 3375 "a municipal Law." I wish it never did: I wish
1142 3361 2573 3457 example of such declarations of the will
630 3383 2595 3583 there were no proof of the Legislature's thus exerting
2242 3520 2451 3593 does
622 3538 2575 3689 its. But our Author's reason if it be true, proves
653 3618 1148 3722 his distinction:
651 3667 2526 3842 nothing: his reason is: _ "Because the
2098 3853 2511 3985 "operation
1246 3865 1522 4012 76
