2731 4096
546 131 1073 226 To be omitted
366 206 2538 344 But having our Author to descant at his ease, on the Action
389 306 2532 393 of inactive matter; on the obligation of unconscious
894 384 2290 532 involuntary manner: it must signify,
358 457 1196 618 Being; on acts of
873 580 2266 736 that man, when he is said to obey laws
880 833 2291 1005 of his creator, or to be bounden by them, has
879 1036 2246 1232 no other kind of obligation, than the stone
875 1309 2228 1472 has, when it gravitates to the center: or in
872 1535 2269 1704 other words, that the laws of his Creator do,
2149 1737 2273 1793 him
875 1760 2256 1896 by some natural violence, so constraining ,
872 1996 2320 2194 as to render it impossible for him to act other=­
876 2275 2217 2440 ­wise, than as they direct. And indeed, in
869 2520 2239 2673 another place, our author declares this to
873 2755 2267 2940 be the strict sense of obligation. Yet howe=­
873 2943 2237 3167 ver Variously the word obligation may
858 3241 2239 3404 have been used, it has always supposed a
825 3504 2244 3663 power in Ag the Agent either to act or not
2046 3617 2226 3679 to
1374 3671 1641 3866 2) 11)
