2731 4096
1541 156 1763 215 In short
431 209 2348 302 motives to act or not to act. _ This principle is to man
446 287 1887 380 what the moving power is to matter. It
1645 318 1815 391 two
441 373 1939 536 he would, probably have rescinded to at least
453 512 1838 628 cannot be called a Law: nor in a word is
405 614 1964 765 of his own immutable laws of nature, because
443 743 1979 876 there any such thing as a Law of Nature
423 854 1929 1020 he would have seen, that the ideas of honesty,
447 1026 824 1129 property
445 1099 1933 1253 and propriety could not exist previous to a State
1361 1262 1686 1371 desire of
441 1364 1934 1509 of a Society: and therefore that the happiness of
387 1573 1874 1726 man we could not lead man, to search after,
447 1837 1919 2016 and pursue the honestum, and oecumenique:
1247 2044 2023 2129 seen that Montesquieu
446 2105 1910 2247 he would probably have substituted in the
423 2361 1931 2505 place of his own immutable laws, the rules
446 2576 1939 2761 laid down by Montesquieu, because he would
442 2801 1978 2994 have seen that the desire of happiness, would
444 3109 1952 3244 have led many in his individual, unconnected
412 3330 1892 3478 State to obey all, and every of the precepts there
402 3605 1905 3742 laid down. And having thus conducted man
1647 3710 1844 3802 to
1093 3833 1207 3913 34
