2731 4096
1191 187 1590 295 Addenda.
1169 318 1520 413 Sect. 1.
1005 384 1505 498 To be copied
919 474 2235 676 I cannot, I think, be charged with having
1209 622 1534 682 the sense
918 648 2278 799 altered, at one of our Author's words:
921 719 1296 806 with having
911 770 2223 900 or to have assigned to them a meaning
911 886 2204 985 other, or more extensive than he
1753 974 1986 1045 defend
914 1011 2272 1120 intended. He cannot <gap/> himself
1953 1091 2092 1144 that
896 1128 2226 1281 by saying, that he meant only, man was
910 1214 1219 1297 of necessity
914 1274 2208 1393 subject to the will of his Creator so far,
911 1379 2245 1509 as to be acted upon in a certain manner,
925 1520 2143 1644 & that as God had given to matter &
914 1612 2336 1754 principle of mobility, and had so arranged
913 1775 2246 1903 & disposed things, that this principle
917 1883 2262 2036 could be acted upon only in a certain
918 2026 2225 2148 mode: so when he had endued man
917 2155 2125 2284 with consciousness, & sensation he
909 2293 2281 2380 had decreed, that these sensations could
1054 2364 1324 2418 excited
1026 2383 2200 2464 worked upon only by certain objects,
910 2401 2216 2624 be put into e, and this consciousness
909 2558 2222 2676 could be employed only about these
921 2674 2147 2799 objects: In a word, that Sensations
915 2825 2168 2953 are to man, what the moving power
921 2933 2114 3083 is to matter. For his argument goes
915 3073 1597 3188 farther than this.
933 3227 2090 3354 It is not enough to say, that there is
926 3366 2197 3493 the same concomitancy the same
940 3480 2241 3638 conjunctions between motives and
1937 3647 2168 3735 actions,
1424 3722 1563 3791 4
1422 3790 1606 3868 (5
