2731 4096
506 329 1880 501 before told us "that the law of nature was
483 538 1909 668 "coeval with mankind, was dictated by
472 807 1858 994 "God himself, was binding over all the
479 1098 1898 1249 "Globe, in all countries, and at all times."
463 1227 1889 1349 He here tells us, that the end of revelation is to
486 1345 1930 1542 It should follow then, that the law of reve­
1791 1438 1894 1492 the
235 1449 2430 1573 enforce this law: that the law precepts of the Law of revealed Law are
224 1552 2378 1704 parts only of the original Law of nature. From hence then a plain
460 1607 1861 1753 ­lation was only a republication of the
223 1705 2330 1804 man would conclude, that the Law of Revelation is no more than a
224 1787 2202 1906 republication of the Law of Nature; & therefore that the laws
500 1854 1934 2065 law of nature, and that therefore, the laws
451 2141 2100 2320 of revelation were to be found in the code of
453 2350 2037 2456 Nature._ But fair as this conclusion seems
467 2432 1926 2580 of nature he now contradicts that asserti­
512 2520 1440 2604 the it:
456 2541 2439 2646 our the Author will not allow the Laws of Revelation, though
438 2631 2309 2737 parts only of the Law of Nature are not to be found
469 2688 1909 2855 ­on, and says, that they are to be found only
454 2756 2445 2933 in the Code of Nature; but only in the holy Scriptures:
492 2868 608 2919 and
453 2892 2537 3008 Nay so fond is he of the law of Revelation in this section, page
469 2970 1941 3127 in the holy Scriptures. Nay, he as plainly
424 3082 2514 3207 that the favorite of the last page, the great law of nature
459 3186 1967 3289 is almost given up:_ he allows that it
460 3259 1944 3419 tells us, that the law of nature never was pub=­
456 3477 1933 3723 ­:lished at all, and therefore was no law at all
1498 3635 1788 3794 according
1832 3763 1992 3851 For
983 3819 1220 3991 37)
