2731 4096
266 151 763 282 To be copied
454 307 1883 537 "(says the divine law) turn to him the other
469 571 1882 760 "also: If a man take away thy Coat, let
471 816 1953 1007 "him have thy Cloak also." To this the language
477 1014 1589 1272 of Westminster Hall?
404 1274 1872 1496 If required but a very little knowledge of
310 1519 1894 1733 the nature of law to have discovered, that we
470 1742 1897 1969 must not decide by the prinicples of the laws of
473 2052 1907 2237 religion, what evidently belongs to municipal
476 2233 1903 2468 law: That municipal law cannot depend
474 2464 1896 2707 upon the laws of religion: that so far are the
435 2782 1795 2972 former from deriving their binding force
447 2961 1916 3238 from the latter, that, in fact, the laws of Re=­
1099 3246 1211 3311 civil
470 3311 2031 3498 ­velation are a rule of conduct, meerly because, and
460 3509 1897 3767 they are admitted by the law of the land and
1672 3718 1806 3813 only
966 3815 1204 3944 46)
