2731 4096
197 267 1210 436 Sect. I. Law in General
1191 412 1310 459 else
169 416 1902 563 clock) fairly engrossed first drawn up or perused and settled by our _
863 510 1234 579 to know ^
179 528 1897 689 Author: I should be glad further whether a clock is one of these _
197 683 1909 776 creatures that have neither the power to think nor to will, because
179 810 1910 937 if it is: I am sorry for it if it disobeys annihilation must be _
189 913 1957 1050 it's portion after all: "for its existence depends upon that Obedience"
185 1051 1920 1194 and God Almighty or the Clockmaker which of the two it may hap­
176 1191 1913 1327 ­pen to concern have mercy of its memory: which is all that's left of
610 1264 1306 1340 are our Author's word,
186 1307 1890 1452 it. "This then" continues our Author: is the general signification
182 1428 1900 1575 "of Law, a rule of action dictated by some superior being: and in
187 1563 1916 1661 "those creatures that have neither the power to think nor to will
177 1699 1900 1837 "such Laws must be invariably obeyed, so long as the creature
184 1818 1716 1946 "subsists, for it's existence depends upon that obedience."
196 1974 1904 2078 Between this last and the sentence quoted next before it, we have
191 2087 1947 2255 another paragraph giving an account of the "Laws" by which "Animals
187 2242 1921 2378 and Vegetables" are "governed" [And these are about as intelligible
191 2384 744 2471 as the Clockmakers]
206 2504 1927 2647 "If we further advance from mere inactive matter to vegetable and _
192 2648 1917 2792 "animal life, we shall find them still governed by Laws: more _
192 2772 1930 2921 "numerous indeed but equally fixed and invariable. The whole pro­
181 2906 1910 3046 ­"gress of plants, from the seed to the root, and from thence to the -
203 3039 1958 3176 "seed again; _ the method of animal nutrition, digestion, secretion
193 3156 1933 3317 "and all other branches of vital œconomy; _ are not left to chance
196 3291 1906 3414 "or the will of the creature alone, but are performed in a wonderous
187 3430 1903 3587 "involuntary manner, and guided by unerring rules laid down by
187 3573 635 3730 "the great creator".
315 3759 1360 3945 Sect. I. Law in General.
