2731 4096
216 186 2029 309 and that when the legislature are to determine
253 347 1981 491 in what cases it is, or is not allowable, they
583 459 1183 539 nor ought they do so
242 504 1967 657 do not go to your divine law or your imag­
219 644 1985 806 ­nary Laws of Nature; but they ask themselves
1593 807 1711 869 Call
246 827 1901 985 whether in these cases it as your friend
652 970 745 1022 #
262 974 1876 1130 Dr Brown will would have told you _
266 1144 1888 1289 whether in such cases it is or is not
270 1335 1569 1517 necessary to the public good.
1641 3437 1874 3535 The
1118 3747 1542 3945 52
