<?xml version='1.0' encoding='utf-8'?>
<PcGts xmlns="http://schema.primaresearch.org/PAGE/gts/pagecontent/2013-07-15" xmlns:xsi="http://www.w3.org/2001/XMLSchema-instance" xsi:schemaLocation="http://schema.primaresearch.org/PAGE/gts/pagecontent/2013-07-15 http://schema.primaresearch.org/PAGE/gts/pagecontent/2013-07-15/pagecontent.xsd">
  <Metadata>
    <Creator>UPV-PRHLT</Creator>
    <Created>2013-03-08T03:03:58</Created>
    <LastChange>2015-12-14T11:11:37</LastChange>
  </Metadata>
  <Page imageFilename="096_017_004.jpg" imageHeight="4096" imageWidth="2731">
    <TextRegion id="t1">
      <Coords points="394,304 1872,291 1886,443 1911,584 1911,624 1847,679 1843,689 1826,740 1826,752 1824,762 1823,766 1846,1084 1866,1113 1876,1166 1837,1249 1837,1269 1875,1342 1871,1379 1869,1382 1844,1460 1844,1465 1852,1710 1872,1850 1873,2020 1923,2098 1939,2127 1920,2175 1915,2182 1885,2286 1885,2315 1886,2655 1795,2684 1647,2672 1631,2673 453,2550 344,2191 353,328" />
      <TextLine id="7307">
        <Coords points="1162,326 1163,326 1164,327 1165,327 1166,328 1167,328 1185,346 1678,346 1685,353 1813,353 1813,354 1814,355 1858,398 1815,388 1815,397 1814,398 1814,399 1813,400 1813,402 1810,405 1809,405 1806,408 1805,408 1803,410 1802,410 1801,411 1800,411 1799,412 1765,412 1760,417 1760,418 1759,418 1758,419 1588,419 1586,421 1583,421 1582,422 1560,422 1559,423 1558,423 1557,424 1556,424 1555,425 1553,425 1552,426 1491,426 1490,427 1472,427 1471,428 1446,428 1384,490 1383,490 1382,491 1381,491 1379,493 1378,493 1377,494 1376,494 1375,495 1370,495 1313,438 1029,438 1028,437 423,437 421,435 421,434 422,433 422,432 423,431 423,430 425,428 425,427 429,423 429,422 430,421 430,420 432,418 432,417 435,414 435,413 437,411 437,398 438,397 438,396 439,395 440,395 443,392 449,392 476,365 477,365 479,363 647,363 648,362 649,362 650,361 748,361 749,360 750,360 751,359 1129,359" />
        <TextEquiv>
          <Unicode>turn to themselves, which was peculiar to</Unicode>
        </TextEquiv>
      </TextLine>
      <TextLine id="7308">
        <Coords points="1487,593 1489,593 1491,595 1492,595 1494,597 1497,597 1498,598 1841,598 1843,600 1867,600 1870,603 1875,603 1876,604 1877,604 1889,616 1894,616 1894,617 1893,618 1883,618 1882,619 1872,619 1871,620 1871,621 1869,623 1869,627 1867,629 1858,629 1850,637 1850,647 1849,648 1849,649 1848,650 1848,652 1847,653 1676,653 1674,655 1673,655 1672,656 1648,656 1646,658 1645,658 1644,659 1571,659 1569,661 1567,661 1566,662 1458,662 1457,663 1456,663 1455,664 1442,664 1391,715 1390,715 1381,724 1380,724 1377,727 1376,727 1373,730 1372,730 1365,737 1364,737 1363,738 1361,738 1360,739 1359,739 1356,742 1355,742 1354,743 1351,743 1347,747 1345,747 1343,749 1340,749 1339,750 839,750 838,749 837,749 836,748 835,748 823,736 734,736 677,679 457,679 456,678 455,678 453,676 432,676 432,672 433,672 440,665 440,638 455,638 462,631 469,631 492,608 519,608 524,603 525,603 526,602 527,602 530,599 976,599 977,598 979,598 980,597 981,597 982,596 983,596 984,595 1485,595" />
        <TextEquiv>
          <Unicode>the Vice roys of a Theocratic government. #</Unicode>
        </TextEquiv>
      </TextLine>
      <TextLine id="7309">
        <Coords points="1499,839 1501,839 1503,841 1504,841 1509,846 1510,846 1524,860 1708,860 1709,861 1710,861 1711,862 1779,862 1780,863 1781,863 1781,865 1779,867 1779,868 1777,870 1777,896 1773,900 1772,900 1771,901 1770,901 1769,902 1768,902 1767,903 1766,903 1764,905 1762,905 1760,907 1759,907 1757,909 1754,909 1752,911 1751,911 1750,912 1655,912 1653,914 1652,914 1651,915 1649,915 1648,916 1618,916 1617,917 1615,917 1614,918 1588,918 1587,919 1584,919 1583,920 1554,920 1553,921 1516,921 1513,924 1492,924 1491,925 1443,925 1398,970 1397,970 1385,982 1384,982 1382,984 1381,984 1379,986 1378,986 1377,987 1098,987 1093,992 1092,992 1090,994 1089,994 1088,995 1087,995 1085,997 1084,997 1082,999 1081,999 1080,1000 1079,1000 1078,1001 1076,1001 1075,1002 1070,1002 996,928 932,928 930,926 743,926 740,923 429,923 429,920 444,905 444,880 445,879 445,878 466,857 466,856 479,856 483,852 484,852 485,851 855,851 857,849 858,849 859,848 860,848 861,847 862,847 863,846 864,846 865,845 866,845 867,844 1494,844" />
        <TextEquiv>
          <Unicode>In a word, had our Legislators proceeded</Unicode>
        </TextEquiv>
      </TextLine>
      <TextLine id="7310">
        <Coords points="1706,1077 1710,1077 1738,1105 1804,1105 1816,1117 1827,1117 1828,1118 1839,1118 1841,1120 1861,1120 1861,1124 1858,1127 1858,1128 1857,1129 1856,1129 1852,1133 1851,1133 1850,1134 1848,1134 1847,1135 1846,1135 1845,1136 1843,1136 1842,1137 1839,1137 1837,1139 1717,1139 1694,1162 1693,1162 1688,1167 1687,1167 1681,1173 1680,1173 1677,1176 1676,1176 1675,1177 1674,1177 1672,1179 1670,1179 1667,1182 1665,1182 1663,1184 1662,1184 1661,1185 1659,1185 1658,1186 471,1186 455,1202 454,1202 453,1203 451,1203 450,1202 449,1202 448,1201 448,1157 442,1151 442,1150 452,1140 453,1140 462,1131 500,1131 523,1108 524,1108 525,1107 659,1107 661,1105 662,1105 665,1102 666,1102 667,1101 668,1101 669,1100 697,1100 700,1097 701,1097 705,1093 706,1093 708,1091 709,1091 710,1090 711,1090 713,1088 714,1088 715,1087 717,1087 718,1086 719,1086 720,1085 1397,1085 1398,1084 1399,1084 1401,1082 1403,1082 1404,1081 1699,1081 1702,1078 1705,1078" />
        <TextEquiv>
          <Unicode>upon the absurd maxim laid down by our</Unicode>
        </TextEquiv>
      </TextLine>
      <TextLine id="7311">
        <Coords points="876,1263 931,1318 1292,1318 1293,1319 1294,1319 1300,1325 1784,1325 1785,1326 1785,1327 1787,1329 1880,1348 1792,1372 1793,1372 1793,1373 1792,1374 1792,1375 1791,1375 1790,1376 1789,1376 1786,1379 1785,1379 1784,1380 1783,1380 1782,1381 1779,1381 1776,1384 1772,1384 1771,1385 1770,1385 1769,1386 1751,1386 1750,1387 1749,1387 1748,1388 1634,1388 1633,1389 1631,1389 1630,1390 1553,1390 1552,1391 1527,1391 1526,1392 1522,1392 1521,1393 1427,1393 1426,1394 1425,1394 1424,1395 1304,1395 1303,1396 1302,1396 1301,1397 1225,1397 1224,1398 1222,1398 1220,1400 836,1400 835,1401 833,1401 832,1402 795,1402 760,1437 759,1437 758,1438 757,1438 755,1440 754,1440 753,1441 752,1441 751,1442 750,1442 749,1443 748,1443 747,1444 746,1444 745,1445 744,1445 743,1446 742,1446 741,1447 730,1447 729,1446 723,1446 721,1444 720,1444 719,1443 718,1443 717,1442 716,1442 713,1439 712,1439 681,1408 645,1408 639,1402 594,1402 593,1401 439,1401 439,1400 438,1399 443,1394 443,1393 444,1392 447,1392 454,1385 456,1385 458,1383 459,1383 460,1382 462,1382 463,1381 467,1381 469,1379 494,1379 495,1378 496,1378 499,1375 520,1375 521,1374 537,1374 560,1351 562,1351 574,1339 575,1339 576,1338 594,1338 606,1326 607,1326 610,1323 611,1323 612,1322 613,1322 614,1321 784,1321 815,1290 849,1290" />
        <TextEquiv>
          <Unicode>author; they would never have merited the</Unicode>
        </TextEquiv>
      </TextLine>
      <TextLine id="7312">
        <Coords points="1681,1517 1683,1517 1684,1518 1685,1518 1689,1522 1690,1522 1753,1585 1818,1585 1818,1586 1819,1587 1819,1588 1820,1589 1820,1590 1821,1591 1821,1594 1820,1595 1820,1596 1818,1598 1818,1599 1817,1600 1817,1601 1816,1602 1816,1603 1814,1605 1814,1606 1812,1608 1812,1609 1808,1613 1808,1614 1806,1616 1806,1617 1800,1623 1800,1624 1790,1634 1789,1634 1785,1638 1784,1638 1783,1639 1781,1639 1780,1640 1780,1641 1779,1642 1778,1642 1776,1644 1775,1644 1773,1646 1772,1646 1771,1647 1766,1647 1765,1648 1604,1648 1579,1673 1578,1673 1575,1676 1574,1676 1570,1680 1569,1680 1567,1682 1566,1682 1565,1683 1564,1683 1563,1684 1534,1684 1487,1731 1485,1731 1483,1729 1482,1729 1452,1699 613,1699 611,1697 419,1697 418,1696 418,1694 434,1678 434,1671 437,1668 437,1667 440,1664 440,1663 465,1638 465,1637 478,1624 478,1618 481,1615 481,1613 484,1610 484,1609 485,1608 485,1607 487,1605 487,1604 488,1603 488,1602 489,1601 489,1598 490,1597 490,1596 493,1593 494,1593 495,1592 887,1592 891,1588 892,1588 895,1585 915,1585 918,1582 919,1582 921,1580 922,1580 925,1577 926,1577 927,1576 1072,1576 1073,1575 1074,1575 1075,1574 1510,1574 1560,1524 1674,1524" />
        <TextEquiv>
          <Unicode>praise given them by Montesquieu, of being</Unicode>
        </TextEquiv>
      </TextLine>
      <TextLine id="7313">
        <Coords points="1131,1747 1132,1747 1158,1773 1738,1773 1763,1798 1822,1798 1823,1799 1828,1799 1829,1800 1833,1800 1834,1801 1835,1801 1837,1803 1839,1803 1847,1811 1847,1812 1852,1817 1852,1818 1853,1819 1853,1820 1854,1821 1854,1822 1855,1823 1855,1824 1856,1825 1856,1827 1857,1828 1857,1830 1858,1831 1858,1834 1859,1835 1859,1848 1858,1849 1858,1851 1857,1852 1857,1853 1856,1854 1856,1856 1855,1857 1855,1859 1851,1863 1850,1863 1849,1864 1849,1865 1847,1867 1847,1868 1846,1868 1845,1869 1843,1869 1841,1871 1840,1871 1839,1872 1838,1872 1837,1873 1834,1873 1833,1874 1757,1874 1756,1875 1727,1875 1726,1876 1708,1876 1707,1877 1706,1877 1705,1878 1704,1878 1703,1879 1592,1879 1591,1880 1534,1880 1533,1881 1450,1881 1449,1882 1432,1882 1430,1884 1428,1884 1427,1885 1407,1885 1406,1886 1379,1886 1378,1887 1341,1887 1307,1921 948,1921 867,2002 864,2002 833,1971 565,1971 558,1964 491,1964 490,1963 490,1953 441,1904 441,1901 437,1897 437,1896 436,1895 436,1839 431,1834 431,1824 430,1823 430,1822 431,1821 432,1821 442,1811 443,1811 444,1810 446,1810 451,1805 453,1805 455,1803 456,1803 457,1802 593,1802 643,1752 1032,1752 1036,1748 1130,1748" />
        <TextEquiv>
          <Unicode>the people upon earth, who had best availed</Unicode>
        </TextEquiv>
      </TextLine>
      <TextLine id="7314">
        <Coords points="1129,1998 1132,2001 1375,2001 1445,2071 1776,2071 1777,2072 1827,2072 1837,2082 1884,2082 1885,2083 1885,2084 1886,2085 1886,2087 1924,2125 1925,2125 1925,2128 1924,2129 1924,2130 1923,2131 1923,2132 1922,2132 1918,2136 1917,2136 1913,2140 1912,2140 1910,2142 1909,2142 1907,2144 1906,2144 1905,2145 1818,2145 1812,2151 1812,2152 1810,2154 1809,2154 1808,2155 1808,2156 1807,2157 1807,2158 1802,2163 1802,2164 1801,2164 1796,2169 1796,2170 1792,2174 1792,2175 1786,2181 1785,2181 1784,2182 1784,2183 1783,2184 1782,2184 1778,2188 1778,2189 1777,2189 1774,2192 1772,2192 1771,2193 1770,2193 1769,2194 1769,2199 1768,2199 1767,2200 1535,2200 1499,2236 1498,2236 1496,2234 1171,2234 1153,2216 798,2216 797,2215 796,2215 785,2204 460,2204 459,2203 458,2203 455,2200 454,2200 454,2163 453,2162 441,2162 440,2161 440,2158 441,2157 441,2156 453,2144 453,2142 454,2141 454,2140 455,2139 455,2138 457,2136 457,2129 461,2125 461,2124 527,2058 527,2036 528,2035 537,2035 565,2007 1092,2007 1096,2003 1123,2003 1124,2002 1125,2002" />
        <TextEquiv>
          <Unicode>themselves of these three great objects, Religion,</Unicode>
        </TextEquiv>
      </TextLine>
      <TextLine id="7315">
        <Coords points="1046,2321 1046,2322 1047,2322 1047,2323 1048,2323 1048,2338 1089,2338 1089,2339 1090,2339 1090,2343 1184,2343 1184,2344 1186,2344 1186,2382 1214,2382 1214,2383 1215,2383 1215,2395 1225,2395 1225,2396 1226,2396 1226,2398 1225,2398 1225,2400 1224,2400 1224,2403 1223,2403 1223,2404 1221,2404 1221,2405 1200,2405 1200,2407 1199,2407 1199,2408 1198,2408 1198,2410 1197,2410 1197,2411 1196,2411 1196,2412 1195,2412 1195,2414 1194,2414 1194,2415 1193,2415 1193,2416 1192,2416 1192,2417 1191,2417 1191,2418 1190,2418 1190,2420 1189,2420 1189,2421 1188,2421 1188,2423 1187,2423 1187,2424 1186,2424 1186,2425 1185,2425 1185,2427 1184,2427 1184,2428 1183,2428 1183,2430 1182,2430 1182,2431 1181,2431 1181,2432 1179,2432 1179,2433 1178,2433 1178,2435 1177,2435 1177,2436 1176,2436 1176,2437 1175,2437 1175,2439 1174,2439 1174,2440 1173,2440 1173,2441 1172,2441 1172,2443 1171,2443 1171,2444 1170,2444 1170,2445 1168,2445 1168,2446 1167,2446 1167,2448 1166,2448 1166,2449 1165,2449 1165,2450 1164,2450 1164,2451 1163,2451 1163,2452 1162,2452 1162,2453 1161,2453 1161,2454 1160,2454 1160,2455 1159,2455 1159,2456 1158,2456 1158,2457 1157,2457 1157,2458 1156,2458 1156,2459 1155,2459 1155,2461 1153,2461 1153,2462 1152,2462 1152,2463 1151,2463 1151,2464 1149,2464 1149,2465 1147,2465 1147,2466 1145,2466 1145,2467 1144,2467 1144,2468 1141,2468 1141,2469 1129,2469 1129,2468 1125,2468 1125,2467 1123,2467 1123,2466 1121,2466 1121,2465 1119,2465 1119,2464 1118,2464 1118,2463 1117,2463 1117,2462 1116,2462 1116,2461 1111,2461 1111,2460 1110,2460 1110,2459 1109,2459 1109,2458 1108,2458 1108,2457 1107,2457 1107,2456 1105,2456 1105,2455 1104,2455 1104,2454 1103,2454 1103,2453 1102,2453 1102,2452 1101,2452 1101,2451 1099,2451 1099,2450 1098,2450 1098,2404 976,2404 976,2477 975,2477 975,2478 974,2478 974,2477 973,2477 973,2412 798,2412 798,2477 797,2477 797,2419 686,2419 686,2466 685,2466 685,2467 682,2467 682,2481 682,2480 571,2480 571,2481 570,2481 570,2480 520,2480 520,2479 519,2479 519,2478 518,2478 518,2477 517,2477 517,2476 512,2476 512,2475 511,2475 511,2474 510,2474 510,2473 509,2473 509,2470 508,2470 508,2467 507,2467 507,2463 506,2463 506,2414 474,2414 474,2413 454,2413 454,2412 449,2412 449,2411 448,2411 448,2408 447,2408 448,2408 448,2404 449,2404 449,2402 450,2402 450,2400 451,2400 451,2398 452,2398 452,2397 453,2397 453,2396 454,2396 454,2393 455,2393 455,2392 456,2392 456,2383 458,2383 458,2382 459,2382 459,2383 469,2383 469,2385 640,2385 640,2384 674,2384 674,2383 675,2383 675,2382 676,2382 676,2381 678,2381 678,2380 679,2380 679,2379 681,2379 681,2378 685,2378 685,2379 686,2379 686,2380 687,2380 687,2383 773,2383 773,2384 774,2384 774,2389 918,2389 918,2368 919,2368 919,2365 920,2365 920,2363 921,2363 921,2361 922,2361 922,2359 923,2359 923,2358 924,2358 924,2357 925,2357 925,2356 927,2356 927,2355 928,2355 928,2354 929,2354 929,2353 931,2353 931,2352 934,2352 934,2351 1009,2351 1009,2350 1010,2350 1010,2349 1011,2349 1011,2348 1012,2348 1012,2347 1013,2347 1013,2346 1014,2346 1014,2344 1015,2344 1015,2343 1016,2343 1016,2342 1018,2342 1018,2341 1019,2341 1019,2340 1020,2340 1020,2339 1021,2339 1021,2337 1022,2337 1022,2336 1023,2336 1023,2335 1024,2335 1024,2334 1025,2334 1025,2333 1026,2333 1026,2332 1027,2332 1027,2331 1028,2331 1028,2330 1029,2330 1029,2329 1030,2329 1030,2328 1032,2328 1032,2327 1033,2327 1033,2326 1035,2326 1035,2325 1037,2325 1037,2324 1038,2324 1038,2323 1040,2323 1040,2322 1042,2322 1042,2321" />
        <TextEquiv>
          <Unicode>commerce, and liberty.</Unicode>
        </TextEquiv>
      </TextLine>
      <TextLine id="7316">
        <Coords points="1542,2405 1542,2421 1644,2421 1644,2420 1645,2420 1645,2419 1646,2419 1646,2417 1647,2417 1647,2415 1648,2415 1648,2414 1649,2414 1649,2412 1650,2412 1650,2411 1651,2411 1651,2410 1652,2410 1652,2407 1653,2407 1653,2406 1657,2406 1657,2407 1658,2407 1658,2439 1661,2439 1661,2440 1662,2440 1662,2443 1716,2443 1716,2445 1715,2445 1715,2446 1710,2446 1710,2447 1708,2447 1708,2448 1706,2448 1706,2449 1701,2449 1701,2450 1694,2450 1694,2451 1692,2451 1692,2452 1689,2452 1689,2464 1688,2464 1688,2465 1685,2465 1685,2466 1677,2466 1677,2467 1669,2467 1669,2468 1642,2468 1642,2469 1626,2469 1626,2470 1624,2470 1624,2471 1623,2471 1623,2472 1574,2472 1574,2473 1443,2473 1443,2474 1418,2474 1418,2475 1414,2475 1414,2476 1388,2476 1388,2477 1341,2477 1341,2478 1340,2478 1340,2479 1339,2479 1339,2480 1338,2480 1338,2481 1336,2481 1336,2482 1335,2482 1335,2483 1334,2483 1334,2484 1333,2484 1333,2485 1329,2485 1329,2486 1327,2486 1327,2487 1296,2487 1296,2488 1295,2488 1295,2489 1294,2489 1294,2490 1203,2490 1203,2491 1202,2491 1202,2492 1201,2492 1201,2493 1199,2493 1199,2492 1198,2492 1198,2491 1197,2491 1197,2487 1196,2487 1196,2481 1195,2481 1195,2478 1196,2478 1196,2477 1197,2477 1197,2476 1200,2476 1200,2475 1212,2475 1212,2474 1213,2474 1213,2472 1214,2472 1214,2471 1215,2471 1215,2469 1216,2469 1216,2468 1217,2468 1217,2467 1218,2467 1218,2466 1219,2466 1219,2464 1220,2464 1220,2462 1221,2462 1221,2461 1222,2461 1222,2458 1223,2458 1223,2457 1224,2457 1224,2456 1225,2456 1225,2454 1226,2454 1226,2453 1227,2453 1227,2452 1228,2452 1228,2451 1229,2451 1229,2450 1230,2450 1230,2449 1231,2449 1231,2447 1232,2447 1232,2445 1233,2445 1233,2444 1234,2444 1234,2442 1235,2442 1235,2440 1236,2440 1236,2439 1237,2439 1237,2437 1238,2437 1238,2435 1239,2435 1239,2434 1240,2434 1240,2432 1241,2432 1241,2431 1242,2431 1242,2430 1243,2430 1243,2428 1244,2428 1244,2427 1245,2427 1245,2426 1246,2426 1246,2425 1248,2425 1248,2423 1249,2423 1249,2422 1251,2422 1251,2421 1342,2421 1342,2420 1343,2420 1343,2418 1344,2418 1344,2417 1345,2417 1345,2416 1360,2416 1360,2415 1362,2415 1362,2414 1364,2414 1364,2413 1432,2413 1432,2412 1434,2412 1434,2411 1533,2411 1533,2410 1534,2410 1534,2409 1535,2409 1535,2408 1536,2408 1536,2407 1540,2407 1540,2405" />
        <TextEquiv>
          <Unicode>Let B Addenda</Unicode>
        </TextEquiv>
      </TextLine>
      <TextLine id="7317">
        <Coords points="1701,2570 1701,2571 1702,2571 1702,2572 1726,2572 1726,2573 1728,2573 1728,2575 1729,2575 1729,2594 1789,2594 1789,2595 1790,2595 1790,2596 1791,2596 1791,2597 1792,2597 1792,2598 1793,2598 1793,2601 1792,2601 1792,2602 1791,2602 1791,2603 1790,2603 1790,2604 1789,2604 1789,2606 1788,2606 1788,2608 1787,2608 1787,2609 1786,2609 1786,2610 1785,2610 1785,2612 1784,2612 1784,2613 1783,2613 1783,2614 1781,2614 1781,2615 1779,2615 1779,2616 1777,2616 1777,2617 1776,2617 1776,2618 1774,2618 1774,2619 1773,2619 1773,2620 1771,2620 1771,2621 1767,2621 1767,2622 1764,2622 1764,2623 1762,2623 1762,2624 1756,2624 1756,2625 1751,2625 1751,2626 1724,2626 1724,2627 1722,2627 1722,2628 1720,2628 1720,2629 1719,2629 1719,2630 1716,2630 1716,2631 1685,2631 1685,2632 1684,2632 1684,2633 1683,2633 1683,2634 1651,2634 1651,2635 1650,2635 1650,2637 1649,2637 1649,2638 1647,2638 1647,2639 1646,2639 1646,2641 1645,2641 1645,2642 1644,2642 1644,2643 1643,2643 1643,2644 1642,2644 1642,2645 1641,2645 1641,2646 1640,2646 1640,2647 1636,2647 1636,2643 1635,2643 1635,2612 1633,2612 1633,2611 1631,2611 1631,2610 1629,2610 1629,2609 1628,2609 1628,2608 1627,2608 1627,2607 1626,2607 1626,2605 1625,2605 1625,2603 1624,2603 1624,2601 1623,2601 1623,2596 1624,2596 1624,2593 1625,2593 1625,2591 1626,2591 1626,2590 1627,2590 1627,2589 1628,2589 1628,2588 1629,2588 1629,2587 1631,2587 1631,2586 1633,2586 1633,2585 1635,2585 1635,2584 1642,2584 1642,2583 1677,2583 1677,2582 1683,2582 1683,2581 1685,2581 1685,2580 1687,2580 1687,2579 1689,2579 1689,2578 1690,2578 1690,2576 1691,2576 1691,2575 1692,2575 1692,2574 1693,2574 1693,2573 1694,2573 1694,2572 1695,2572 1695,2571 1696,2571 1696,2570" />
        <TextEquiv>
          <Unicode>The</Unicode>
        </TextEquiv>
      </TextLine>
    </TextRegion>
    <TextRegion id="t2">
      <Coords points="410,2662 1849,2730 1891,2937 1894,3020 1875,3108 1875,3120 1873,3136 1872,3147 1882,3379 1882,3388 1918,3468 1921,3479 1923,3492 1923,3502 1928,3571 1928,3579 1949,3855 1947,3957 1947,3960 1915,4008 263,4042 253,4017 275,3462 237,3308 292,2726" />
      <TextLine id="7318">
        <Coords points="1139,2768 1139,2769 1141,2769 1141,2771 1202,2771 1202,2772 1204,2772 1204,2804 1216,2804 1216,2805 1217,2805 1217,2806 1218,2806 1218,2815 1237,2815 1237,2816 1232,2816 1232,2826 1231,2826 1231,2827 1230,2827 1230,2828 1225,2828 1225,2833 1224,2833 1224,2834 1223,2834 1223,2835 1204,2835 1204,2844 1203,2844 1203,2845 1201,2845 1201,2846 1170,2846 1170,2849 1169,2849 1169,2850 1166,2850 1166,2851 1164,2851 1164,2852 1161,2852 1161,2853 1159,2853 1159,2854 1158,2854 1158,2855 1082,2855 1082,2856 1081,2856 1081,2857 1080,2857 1080,2858 1076,2858 1076,2859 1020,2859 1020,2860 1016,2860 1016,2861 1004,2861 1004,2860 1001,2860 1001,2859 998,2859 998,2858 997,2858 997,2857 996,2857 996,2855 995,2855 995,2854 994,2854 994,2853 993,2853 993,2851 992,2851 992,2848 991,2848 991,2846 990,2846 990,2844 989,2844 989,2834 988,2834 988,2830 989,2830 989,2829 990,2829 990,2827 991,2827 991,2826 992,2826 992,2825 1065,2825 1065,2823 1066,2823 1066,2822 1067,2822 1067,2821 1068,2821 1068,2820 1070,2820 1070,2818 1071,2818 1071,2817 1072,2817 1072,2816 1073,2816 1073,2815 1074,2815 1074,2814 1075,2814 1075,2812 1076,2812 1076,2811 1077,2811 1077,2809 1078,2809 1078,2808 1079,2808 1079,2807 1080,2807 1080,2805 1081,2805 1081,2803 1082,2803 1082,2801 1083,2801 1083,2799 1084,2799 1084,2797 1085,2797 1085,2795 1086,2795 1086,2794 1087,2794 1087,2793 1088,2793 1088,2791 1089,2791 1089,2789 1090,2789 1090,2787 1091,2787 1091,2786 1092,2786 1092,2784 1093,2784 1093,2782 1094,2782 1094,2780 1095,2780 1095,2778 1096,2778 1096,2776 1097,2776 1097,2774 1098,2774 1098,2772 1099,2772 1099,2771 1100,2771 1100,2770 1133,2770 1133,2769 1135,2769 1135,2768" />
        <TextEquiv>
          <Unicode>Note</Unicode>
        </TextEquiv>
      </TextLine>
      <TextLine id="7319">
        <Coords points="486,2889 487,2890 488,2890 503,2905 547,2905 553,2911 1655,2911 1667,2923 1708,2923 1712,2927 1857,2927 1857,2928 1858,2929 1858,2930 1884,2956 1884,2958 1882,2960 1881,2960 1878,2963 1877,2963 1875,2965 1874,2965 1873,2966 1872,2966 1870,2968 1869,2968 1868,2969 1867,2969 1865,2971 1862,2971 1861,2972 1860,2972 1859,2973 1856,2973 1855,2974 1835,2974 1834,2975 1831,2975 1830,2976 1804,2976 1803,2977 1780,2977 1727,3030 1612,3030 1610,3032 1609,3032 1608,3033 1605,3033 1593,3021 1044,3021 1043,3020 1040,3020 1039,3019 1036,3019 1035,3018 1033,3018 1026,3011 1025,3011 1002,2988 694,2988 693,2987 692,2987 690,2985 607,2985 604,2982 512,2982 509,2979 488,2979 487,2978 487,2957 459,2929 459,2928 458,2927 458,2925 457,2924 457,2908 454,2905 454,2904 459,2904 467,2896 471,2896 476,2891 479,2891 480,2890 485,2890" />
        <TextEquiv>
          <Unicode>*The words in the original are "C'est le peuple</Unicode>
        </TextEquiv>
      </TextLine>
      <TextLine id="7320">
        <Coords points="1851,3090 1856,3090 1857,3091 1857,3093 1858,3094 1858,3096 1857,3097 1857,3098 1856,3099 1856,3100 1854,3102 1854,3103 1853,3104 1853,3152 1851,3154 1849,3154 1848,3155 1723,3155 1721,3157 1720,3157 1719,3158 1718,3158 1717,3159 1715,3159 1714,3160 1682,3160 1681,3161 1653,3161 1652,3162 1600,3162 1599,3163 1550,3163 1549,3164 1548,3164 1547,3165 1435,3165 1385,3215 1384,3215 1380,3219 1379,3219 1378,3220 890,3220 880,3230 879,3230 863,3214 777,3214 732,3169 543,3169 537,3163 524,3163 523,3162 471,3162 458,3149 433,3149 431,3147 431,3146 430,3145 430,3132 432,3130 467,3130 470,3127 470,3126 471,3125 476,3125 491,3110 1011,3110 1013,3108 1014,3108 1015,3107 1016,3107 1019,3104 1020,3104 1022,3102 1024,3102 1025,3101 1757,3101 1764,3094 1845,3094 1847,3092 1848,3092 1849,3091 1850,3091" />
        <TextEquiv>
          <Unicode>"du monde, qui a le mieux scu se prèvaloir à la</Unicode>
        </TextEquiv>
      </TextLine>
      <TextLine id="7321">
        <Coords points="1873,3238 1874,3238 1876,3240 1876,3242 1872,3242 1795,3319 1795,3320 1794,3321 1794,3322 1793,3323 1793,3324 1791,3326 1790,3326 1789,3327 1789,3328 1787,3330 1786,3330 1783,3333 1782,3333 1781,3334 1778,3334 1776,3336 1774,3336 1773,3337 1772,3337 1771,3338 1768,3338 1767,3339 1765,3339 1764,3340 1738,3340 1736,3342 1735,3342 1734,3343 1700,3343 1699,3344 1698,3344 1692,3350 1691,3350 1690,3351 1575,3351 1536,3390 1535,3390 1530,3395 1529,3395 1527,3397 1526,3397 1524,3399 1522,3399 1521,3400 896,3400 874,3422 873,3422 869,3426 868,3426 866,3428 865,3428 864,3429 444,3429 404,3469 402,3469 402,3465 403,3464 403,3463 404,3462 404,3461 443,3422 443,3340 444,3339 444,3338 445,3337 445,3335 446,3334 447,3334 448,3333 496,3333 534,3295 535,3295 537,3293 1255,3293 1256,3292 1258,3292 1259,3291 1417,3291 1418,3290 1419,3290 1421,3288 1422,3288 1423,3287 1425,3287 1427,3285 1766,3285 1800,3251 1860,3251" />
        <TextEquiv>
          <Unicode>"fois de ces trois grandes choses, la religion, le</Unicode>
        </TextEquiv>
      </TextLine>
      <TextLine id="7322">
        <Coords points="1249,3478 1250,3478 1251,3479 1252,3479 1262,3489 1321,3489 1322,3490 1635,3490 1644,3499 1786,3499 1788,3501 1805,3501 1809,3505 1876,3505 1878,3507 1878,3524 1889,3535 1889,3538 1894,3543 1894,3544 1895,3545 1894,3546 1894,3548 1893,3549 1887,3549 1886,3550 1885,3550 1883,3552 1880,3552 1878,3554 1877,3554 1875,3556 1873,3556 1872,3557 1870,3557 1869,3558 1868,3558 1867,3559 1654,3559 1653,3560 1357,3560 1316,3601 1220,3601 1151,3670 1150,3670 1077,3597 498,3597 497,3596 472,3596 463,3587 455,3587 454,3586 446,3586 445,3585 445,3584 444,3583 444,3580 445,3579 445,3578 446,3577 446,3576 447,3575 447,3574 448,3574 449,3573 480,3573 484,3569 485,3569 486,3568 487,3568 489,3566 490,3566 491,3565 702,3565 703,3564 769,3564 770,3563 772,3563 773,3562 829,3562 836,3555 837,3555 839,3553 842,3553 843,3552 866,3552 889,3529 920,3529 936,3513 937,3513 938,3512 941,3512 942,3511 1018,3511 1029,3500 1030,3500 1033,3497 1034,3497 1035,3496 1036,3496 1037,3495 1039,3495 1040,3494 1232,3494 1247,3479 1248,3479" />
        <TextEquiv>
          <Unicode>"commerce, et la libertè. (L'Esprit des loix. Book</Unicode>
        </TextEquiv>
      </TextLine>
      <TextLine id="7323">
        <Coords points="1630,3684 1630,3685 1631,3685 1631,3686 1632,3686 1632,3690 1696,3690 1696,3691 1697,3691 1697,3714 1700,3714 1700,3715 1830,3715 1830,3694 1831,3694 1831,3693 1834,3693 1834,3694 1835,3694 1835,3695 1837,3695 1837,3696 1839,3696 1839,3697 1841,3697 1841,3725 1864,3725 1864,3727 1863,3727 1863,3729 1862,3729 1862,3730 1860,3730 1860,3731 1859,3731 1859,3732 1858,3732 1858,3733 1856,3733 1856,3734 1855,3734 1855,3735 1853,3735 1853,3736 1851,3736 1851,3737 1849,3737 1849,3738 1822,3738 1822,3739 1746,3739 1746,3740 1745,3740 1745,3741 1744,3741 1744,3742 1743,3742 1743,3744 1741,3744 1741,3745 1740,3745 1740,3746 1739,3746 1739,3747 1738,3747 1738,3749 1737,3749 1737,3750 1736,3750 1736,3751 1735,3751 1735,3752 1734,3752 1734,3753 1733,3753 1733,3754 1732,3754 1732,3755 1731,3755 1731,3756 1729,3756 1729,3757 1728,3757 1728,3758 1727,3758 1727,3759 1726,3759 1726,3760 1724,3760 1724,3761 1723,3761 1723,3762 1722,3762 1722,3764 1720,3764 1720,3765 1719,3765 1719,3766 1717,3766 1717,3767 1716,3767 1716,3768 1714,3768 1714,3769 1711,3769 1711,3770 1710,3770 1710,3769 1708,3769 1708,3761 1565,3761 1565,3744 1394,3744 1394,3745 1393,3745 1393,3746 1392,3746 1392,3747 1325,3747 1325,3793 1324,3793 1324,3794 1322,3794 1322,3795 1321,3795 1321,3796 1320,3796 1320,3797 1319,3797 1319,3796 1318,3796 1318,3795 1317,3795 1317,3793 1274,3793 1274,3756 1138,3756 1138,3757 1025,3757 1025,3758 1006,3758 1006,3759 1000,3759 1000,3760 1000,3759 998,3759 998,3758 884,3758 884,3759 883,3759 883,3760 881,3760 881,3761 880,3761 880,3762 878,3762 878,3763 874,3763 874,3764 872,3764 872,3765 871,3765 871,3766 866,3766 866,3767 789,3767 789,3770 788,3770 788,3772 787,3772 787,3774 786,3774 786,3776 785,3776 785,3778 784,3778 784,3779 783,3779 783,3781 782,3781 782,3782 781,3782 781,3784 780,3784 780,3785 778,3785 778,3789 777,3789 777,3791 776,3791 776,3792 775,3792 775,3794 774,3794 774,3795 773,3795 773,3797 772,3797 772,3798 771,3798 771,3800 770,3800 770,3801 769,3801 769,3802 768,3802 768,3804 767,3804 767,3805 766,3805 766,3807 765,3807 765,3808 764,3808 764,3810 763,3810 763,3811 762,3811 762,3813 760,3813 760,3814 759,3814 759,3815 758,3815 758,3817 757,3817 757,3819 756,3819 756,3820 755,3820 755,3821 754,3821 754,3822 753,3822 753,3823 752,3823 752,3825 750,3825 750,3826 749,3826 749,3828 748,3828 748,3829 747,3829 747,3830 746,3830 746,3831 745,3831 745,3832 743,3832 743,3833 742,3833 742,3834 741,3834 741,3835 740,3835 740,3837 739,3837 739,3838 738,3838 738,3839 737,3839 737,3840 737,3839 736,3839 736,3804 644,3804 644,3803 643,3803 643,3775 504,3775 504,3776 492,3776 492,3777 491,3777 491,3778 488,3778 488,3779 472,3779 472,3780 469,3780 469,3781 468,3781 468,3782 465,3782 465,3766 464,3766 464,3763 465,3763 465,3762 466,3762 466,3761 467,3761 467,3760 468,3760 468,3759 469,3759 469,3758 470,3758 470,3757 472,3757 472,3756 473,3756 473,3755 474,3755 474,3754 475,3754 475,3753 477,3753 477,3752 478,3752 478,3751 479,3751 479,3750 481,3750 481,3749 484,3749 484,3748 486,3748 486,3747 487,3747 487,3746 489,3746 489,3745 491,3745 491,3744 579,3744 579,3743 580,3743 580,3741 581,3741 581,3740 582,3740 582,3739 583,3739 583,3737 584,3737 584,3736 585,3736 585,3735 586,3735 586,3734 588,3734 588,3733 589,3733 589,3731 590,3731 590,3730 591,3730 591,3729 592,3729 592,3728 593,3728 593,3727 595,3727 595,3726 597,3726 597,3725 598,3725 598,3724 599,3724 599,3723 601,3723 601,3722 607,3722 607,3723 608,3723 608,3725 609,3725 609,3726 743,3726 743,3722 810,3722 810,3719 811,3719 811,3717 812,3717 812,3713 813,3713 813,3711 814,3711 814,3709 815,3709 815,3708 816,3708 816,3706 817,3706 817,3703 818,3703 818,3702 819,3702 819,3700 820,3700 820,3696 821,3696 821,3687 822,3687 822,3686 823,3686 823,3685 824,3685 824,3686 826,3686 826,3707 912,3707 912,3708 913,3708 913,3710 914,3710 914,3713 915,3713 915,3714 916,3714 916,3716 917,3716 917,3733 944,3733 944,3734 1076,3734 1076,3733 1077,3733 1077,3732 1078,3732 1078,3731 1079,3731 1079,3730 1080,3730 1080,3729 1081,3729 1081,3728 1083,3728 1083,3727 1084,3727 1084,3726 1085,3726 1085,3724 1086,3724 1086,3723 1087,3723 1087,3722 1088,3722 1088,3721 1089,3721 1089,3720 1090,3720 1090,3719 1091,3719 1091,3718 1092,3718 1092,3716 1093,3716 1093,3715 1094,3715 1094,3714 1095,3714 1095,3713 1096,3713 1096,3711 1097,3711 1097,3710 1098,3710 1098,3709 1121,3709 1121,3708 1122,3708 1122,3707 1123,3707 1123,3706 1124,3706 1124,3705 1125,3705 1125,3704 1126,3704 1126,3703 1127,3703 1127,3702 1128,3702 1128,3701 1129,3701 1129,3700 1130,3700 1130,3699 1131,3699 1131,3698 1132,3698 1132,3697 1134,3697 1134,3696 1135,3696 1135,3695 1137,3695 1137,3694 1140,3694 1140,3695 1141,3695 1141,3696 1142,3696 1142,3698 1143,3698 1143,3701 1246,3701 1246,3700 1247,3700 1247,3699 1248,3699 1248,3698 1249,3698 1249,3697 1250,3697 1250,3696 1251,3696 1251,3695 1253,3695 1253,3694 1254,3694 1254,3693 1255,3693 1255,3692 1256,3692 1256,3691 1257,3691 1257,3690 1258,3690 1258,3689 1260,3689 1260,3688 1262,3688 1262,3687 1264,3687 1264,3686 1266,3686 1266,3685 1269,3685 1269,3686 1270,3686 1270,3725 1372,3725 1372,3720 1401,3720 1401,3719 1403,3719 1403,3718 1406,3718 1406,3717 1407,3717 1407,3716 1408,3716 1408,3715 1409,3715 1409,3714 1410,3714 1410,3713 1411,3713 1411,3712 1413,3712 1413,3711 1414,3711 1414,3710 1415,3710 1415,3709 1416,3709 1416,3708 1417,3708 1417,3707 1418,3707 1418,3706 1419,3706 1419,3705 1420,3705 1420,3704 1421,3704 1421,3703 1422,3703 1422,3702 1423,3702 1423,3701 1425,3701 1425,3700 1526,3700 1526,3699 1527,3699 1527,3698 1547,3698 1547,3697 1548,3697 1548,3696 1549,3696 1549,3695 1550,3695 1550,3694 1551,3694 1551,3693 1553,3693 1553,3692 1554,3692 1554,3691 1555,3691 1555,3690 1556,3690 1556,3689 1557,3689 1557,3688 1559,3688 1559,3687 1561,3687 1561,3686 1564,3686 1564,3685 1629,3685 1629,3684" />
        <TextEquiv>
          <Unicode>20. Chap. 7.) Our author has quoted this passage in</Unicode>
        </TextEquiv>
      </TextLine>
      <TextLine id="7324">
        <Coords points="1708,3796 1708,3798 1709,3798 1709,3800 1811,3800 1811,3799 1813,3799 1813,3798 1816,3798 1816,3797 1820,3797 1820,3798 1821,3798 1821,3799 1822,3799 1822,3829 1824,3829 1824,3830 1825,3830 1825,3831 1856,3831 1856,3834 1855,3834 1855,3836 1854,3836 1854,3837 1853,3837 1853,3838 1851,3838 1851,3840 1850,3840 1850,3841 1848,3841 1848,3842 1847,3842 1847,3843 1846,3843 1846,3844 1844,3844 1844,3845 1842,3845 1842,3846 1841,3846 1841,3847 1770,3847 1770,3846 1624,3846 1624,3847 1623,3847 1623,3848 1622,3848 1622,3849 1621,3849 1621,3850 1620,3850 1620,3851 1619,3851 1619,3852 1618,3852 1618,3853 1617,3853 1617,3854 1616,3854 1616,3855 1614,3855 1614,3856 1612,3856 1612,3857 1611,3857 1611,3858 1610,3858 1610,3859 1608,3859 1608,3860 1606,3860 1606,3861 1604,3861 1604,3862 1419,3862 1419,3861 1418,3861 1418,3854 1294,3854 1294,3855 1238,3855 1238,3856 1237,3856 1237,3857 1236,3857 1236,3859 1219,3859 1219,3860 1218,3860 1218,3861 1176,3861 1176,3862 1174,3862 1174,3863 1131,3863 1131,3864 1130,3864 1130,3865 1129,3865 1129,3866 1128,3866 1128,3867 1127,3867 1127,3869 1126,3869 1126,3870 1125,3870 1125,3871 1124,3871 1124,3872 1123,3872 1123,3873 1122,3873 1122,3874 1121,3874 1121,3876 1120,3876 1120,3877 1119,3877 1119,3878 1118,3878 1118,3879 1117,3879 1117,3880 1116,3880 1116,3881 1115,3881 1115,3882 1113,3882 1113,3883 1112,3883 1112,3884 1111,3884 1111,3867 1009,3867 1009,3868 1008,3868 1008,3869 1006,3869 1006,3870 1005,3870 1005,3871 1004,3871 1004,3872 1003,3872 1003,3873 1002,3873 1002,3874 1001,3874 1001,3876 1000,3876 1000,3877 998,3877 998,3878 996,3878 996,3879 995,3879 995,3880 993,3880 993,3881 984,3881 984,3880 982,3880 982,3879 980,3879 980,3878 979,3878 979,3877 978,3877 978,3876 977,3876 977,3874 976,3874 976,3863 939,3863 939,3862 792,3862 792,3864 791,3864 791,3865 790,3865 790,3866 789,3866 789,3868 788,3868 788,3869 787,3869 787,3870 786,3870 786,3872 785,3872 785,3873 784,3873 784,3875 783,3875 783,3876 782,3876 782,3877 781,3877 781,3878 780,3878 780,3880 779,3880 779,3881 778,3881 778,3882 777,3882 777,3883 776,3883 776,3884 775,3884 775,3885 774,3885 774,3887 773,3887 773,3888 772,3888 772,3889 771,3889 771,3890 770,3890 770,3891 769,3891 769,3892 768,3892 768,3893 767,3893 767,3894 766,3894 766,3895 765,3895 765,3896 764,3896 764,3897 762,3897 762,3898 761,3898 761,3899 760,3899 760,3900 758,3900 758,3901 756,3901 756,3900 755,3900 755,3873 650,3873 650,3874 649,3874 649,3875 648,3875 648,3877 647,3877 647,3878 646,3878 646,3879 645,3879 645,3880 644,3880 644,3882 643,3882 643,3883 642,3883 642,3884 641,3884 641,3885 640,3885 640,3887 639,3887 639,3889 638,3889 638,3890 637,3890 637,3891 636,3891 636,3892 635,3892 635,3893 634,3893 634,3895 633,3895 633,3896 632,3896 632,3897 631,3897 631,3898 630,3898 630,3899 629,3899 629,3900 627,3900 627,3901 625,3901 625,3900 624,3900 624,3884 491,3884 491,3885 471,3885 471,3886 458,3886 458,3887 457,3887 457,3888 455,3888 455,3889 451,3889 451,3888 450,3888 451,3888 451,3885 452,3885 452,3883 453,3883 453,3882 454,3882 454,3881 455,3881 455,3880 456,3880 456,3879 457,3879 457,3877 458,3877 458,3876 459,3876 459,3875 460,3875 460,3873 461,3873 461,3872 462,3872 462,3871 463,3871 463,3870 465,3870 465,3869 467,3869 467,3868 471,3868 471,3858 557,3858 557,3855 558,3855 558,3854 561,3854 561,3853 563,3853 563,3852 564,3852 564,3851 565,3851 565,3850 566,3850 566,3849 568,3849 568,3847 569,3847 569,3846 571,3846 571,3845 572,3845 572,3844 573,3844 573,3842 574,3842 574,3841 575,3841 575,3840 576,3840 576,3839 577,3839 577,3838 578,3838 578,3837 595,3837 595,3836 596,3836 596,3835 597,3835 597,3834 598,3834 598,3833 599,3833 599,3832 601,3832 601,3831 603,3831 603,3830 606,3830 606,3834 710,3834 710,3833 711,3833 711,3832 712,3832 712,3831 714,3831 714,3830 715,3830 715,3829 717,3829 717,3828 815,3828 815,3826 816,3826 816,3825 817,3825 817,3820 818,3820 818,3819 820,3819 820,3818 822,3818 822,3819 823,3819 823,3820 847,3820 847,3821 848,3821 848,3822 889,3822 889,3823 891,3823 891,3824 977,3824 977,3828 987,3828 987,3829 988,3829 988,3830 989,3830 989,3833 1099,3833 1099,3832 1100,3832 1100,3830 1101,3830 1101,3829 1102,3829 1102,3828 1104,3828 1104,3827 1153,3827 1153,3826 1154,3826 1154,3824 1155,3824 1155,3812 1156,3812 1156,3811 1158,3811 1158,3810 1159,3810 1159,3809 1161,3809 1161,3808 1301,3808 1301,3807 1370,3807 1370,3806 1371,3806 1371,3805 1419,3805 1419,3804 1513,3804 1513,3803 1515,3803 1515,3802 1518,3802 1518,3801 1586,3801 1586,3802 1693,3802 1693,3801 1694,3801 1694,3800 1695,3800 1695,3799 1697,3799 1697,3798 1699,3798 1699,3797 1701,3797 1701,3796" />
        <TextEquiv>
          <Unicode>another place (Vol. 1. Page 261) but in translating them, has</Unicode>
        </TextEquiv>
      </TextLine>
      <TextLine id="7325">
        <Coords points="337,3877 351,3877 351,3878 352,3878 352,3879 353,3879 353,3880 360,3880 360,3881 368,3881 368,3886 369,3886 369,3887 370,3887 370,3921 828,3921 828,3920 830,3920 830,3919 831,3919 831,3918 971,3918 971,3917 972,3917 972,3916 974,3916 974,3915 1064,3915 1064,3914 1065,3914 1065,3913 1066,3913 1066,3912 1067,3912 1067,3911 1068,3911 1068,3910 1069,3910 1069,3909 1070,3909 1070,3908 1071,3908 1071,3907 1072,3907 1072,3906 1073,3906 1073,3905 1074,3905 1074,3904 1075,3904 1075,3903 1076,3903 1076,3902 1077,3902 1077,3901 1078,3901 1078,3900 1079,3900 1079,3899 1080,3899 1080,3898 1081,3898 1081,3897 1094,3897 1094,3896 1097,3896 1097,3895 1098,3895 1098,3894 1099,3894 1099,3893 1100,3893 1100,3892 1101,3892 1101,3891 1102,3891 1102,3890 1104,3890 1104,3889 1105,3889 1105,3890 1106,3890 1106,3891 1107,3891 1107,3892 1108,3892 1108,3893 1109,3893 1109,3894 1110,3894 1110,3895 1391,3895 1391,3896 1398,3896 1398,3897 1399,3897 1399,3898 1400,3898 1400,3899 1401,3899 1401,3900 1402,3900 1402,3901 1403,3901 1403,3902 1404,3902 1404,3903 1405,3903 1405,3904 1619,3904 1619,3905 1620,3905 1620,3906 1723,3906 1723,3907 1724,3907 1724,3908 1725,3908 1725,3909 1726,3909 1726,3910 1727,3910 1727,3911 1728,3911 1728,3912 1729,3912 1729,3913 1730,3913 1730,3914 1731,3914 1731,3915 1732,3915 1732,3916 1733,3916 1733,3917 1734,3917 1734,3918 1735,3918 1735,3919 1736,3919 1736,3920 1737,3920 1737,3921 1738,3921 1738,3922 1739,3922 1739,3923 1740,3923 1740,3924 1741,3924 1741,3925 1816,3925 1816,3926 1817,3926 1817,3927 1818,3927 1818,3928 1819,3928 1819,3929 1820,3929 1820,3930 1821,3930 1821,3931 1822,3931 1822,3932 1823,3932 1823,3933 1847,3933 1847,3937 1846,3937 1846,3938 1845,3938 1845,3939 1843,3939 1843,3940 1841,3940 1841,3941 1836,3941 1836,3942 1835,3942 1835,3943 1832,3943 1832,3944 1828,3944 1828,3945 1746,3945 1746,3946 1743,3946 1743,3947 1604,3947 1604,3948 1439,3948 1439,3949 1438,3949 1438,3950 1437,3950 1437,3951 1436,3951 1436,3952 1435,3952 1435,3953 1434,3953 1434,3954 1433,3954 1433,3955 1432,3955 1432,3956 1431,3956 1431,3957 1430,3957 1430,3958 1429,3958 1429,3959 1428,3959 1428,3960 1427,3960 1427,3961 1426,3961 1426,3962 1425,3962 1425,3963 1424,3963 1424,3964 1423,3964 1423,3965 1422,3965 1422,3966 1421,3966 1421,3967 1420,3967 1420,3968 1419,3968 1419,3969 1418,3969 1418,3970 1417,3970 1417,3971 1121,3971 1121,3972 1120,3972 1120,3973 1119,3973 1119,3974 1118,3974 1118,3975 1117,3975 1117,3976 1116,3976 1116,3977 1115,3977 1115,3978 1114,3978 1114,3979 1113,3979 1113,3980 1112,3980 1112,3981 1111,3981 1111,3982 1109,3982 1109,3983 1107,3983 1107,3984 1105,3984 1105,3985 1100,3985 1100,3986 588,3986 588,3987 587,3987 587,3988 586,3988 586,3989 584,3989 584,3990 583,3990 583,3991 582,3991 582,3992 580,3992 580,3993 578,3993 578,3994 575,3994 575,3993 573,3993 573,3992 571,3992 571,3991 570,3991 570,3990 569,3990 569,3989 568,3989 568,3988 283,3988 283,3987 282,3987 282,3986 281,3986 281,3985 280,3985 280,3984 279,3984 279,3983 278,3983 278,3982 277,3982 277,3981 255,3981 255,3977 256,3977 256,3976 257,3976 257,3974 258,3974 258,3973 259,3973 259,3971 260,3971 260,3969 261,3969 261,3968 262,3968 262,3967 263,3967 263,3966 264,3966 264,3965 265,3965 265,3964 266,3964 266,3963 267,3963 267,3962 268,3962 268,3942 269,3942 269,3904 270,3904 270,3903 271,3903 271,3902 272,3902 272,3901 273,3901 273,3900 274,3900 274,3899 275,3899 275,3898 276,3898 276,3897 277,3897 277,3896 278,3896 278,3895 279,3895 279,3894 280,3894 280,3893 282,3893 282,3892 283,3892 283,3891 287,3891 287,3890 289,3890 289,3889 294,3889 294,3888 300,3888 300,3886 301,3886 301,3885 302,3885 302,3884 305,3884 305,3883 311,3883 311,3882 317,3882 317,3881 319,3881 319,3880 320,3880 320,3879 323,3879 323,3878 337,3878" />
        <TextEquiv>
          <Unicode>40 changed their Sense, he imagined, that 'se prevaloir d'une</Unicode>
        </TextEquiv>
      </TextLine>
    </TextRegion>
  </Page>
</PcGts>