2731 4096
386 120 913 292 To be omitted
595 337 736 398 the
560 361 1971 557 his conclusion is consequent. But the
560 597 1917 800 same conclusion will not follow from
549 837 1976 1026 our Author's definiton of law: the word
543 1085 1974 1226 is the same in both, but the Ideas are totally
551 1328 929 1492 different.
563 1539 1964 1708 Montesquieu had said, _ "L'homme comme
558 1722 1959 1942 être physique, est ainsi que les autrescorps.
524 2031 1984 2208 gouverné par des loix invariables: _
526 2284 1960 2411 comme être intelligent, il viole sans cesse
520 2531 1953 2715 les loix qui Dieu a etablies." Our author
569 2688 1870 2795 following the general idea of his leader,
530 2791 1961 2915 did not attend to this distinction, but
1680 2994 1737 3044 a
569 3036 1964 3192 reducing man to the simple State of Physical
1162 3166 1793 3298 no more free-agency
561 3272 1861 3439 being, has left him no more choice than
545 3480 1915 3686 appurtains to a Stone, or a piece of timber.
1722 3661 1840 3738 "The
1091 3817 1326 3947 14)
