2731 4096
577 297 2605 417 CH.... Of LAWS in general _ MEASURE of their expedi­
559 406 2574 514 ­ency _ Points considerable relative to every LAW _ Distribution
593 495 2261 682 of the WORK. Of LAW in general.
967 761 2608 928 The first Principles of Law as of every other Science,
959 912 2495 1078 clothed by necessity in the Garb of Abstraction &
953 1057 2497 1207 Metaphysics, are not therefore void of Truth, nor
961 1222 1745 1294 undeserving of Attention.
1563 1345 2602 1491 Taking them by themselves, their
1266 1469 1396 1558 may
976 1504 2598 1642 Subtilty will seem to elude the Efforts of Apprehension,
961 1638 2429 1780 and shrink from the Test of Judgment: but the
2260 1727 2309 1748 a
1410 1735 2487 1827 issue from them as from their root
958 1783 2533 1935 Details which [occupy the Bulk of the Performance, ]
960 1927 2473 2067 while they exemplify and explain their Meaning,
1111 2025 1267 2115 betray
960 2068 2387 2188 will [detect ] their falshood or confirm their Truth.
1127 2225 2561 2375 A Law is good, according to the more or less
958 2375 2094 2531 of clear Happiness which it produces.
1265 2523 2521 2706 [Qu. in a NOTE.] Every Law, as such,
956 2667 2500 2805 necessarily produces a certain Quantity of
960 2865 1403 2954 Unhappiness.
1367 2957 2610 3078 In order to be satisfied of this, we must
1384 3051 2190 3129 can be conceived as being
959 3103 2615 3253 consider, that an Act which is prohibited by a Law
955 3259 2579 3361 must be such an one as Men have a Mind to do,
956 3427 1331 3503 or have not.
1181 3541 2609 3686 In the latter Case, the Law would be nugatory,
961 3683 2477 3818 and such as could never enter into the Head of a
976 3812 2596 3962 Legislator to enact: accordingly we do not find any
2394 3887 2529 3941 such
