2731 4096
1073 364 2331 560 For let us suppose a human legislator
1544 615 2302 683 in the same manner
863 650 2314 816 to conduct himself upon the same principles
1427 801 1795 856 represents
1407 850 1698 910 supposes
852 887 2376 1007 as our Author attributes to the Creator to act.
835 1122 2300 1302 Let us suppose him to have published a law
849 1386 2294 1544 which was to serve as the rule of conduct to his
804 1639 2324 1801 people: let us suppose, that the principal
1916 1841 2149 1916 himself
818 1892 2291 2031 person among his People had violated this
1128 2120 1231 2184 or
846 2130 2305 2310 law: that he had afterwards secreted it from
855 2400 2317 2562 the rest, and put it absolutely out of their power
838 2642 2390 2822 to come at the knowledge of it: This is surely the
757 2896 2396 3099 very case which our Author supposes to have
837 3167 2346 3349 happened to mankind in general: The legisla=­
833 3442 2263 3595 ­tor still insists upon obedience to the same
2073 3596 2218 3647 code
1407 3834 1603 3947 22)
