2731 4096
476 359 1920 563 extraordinary exertion of the legisla=足
479 585 1895 804 足ture can be justified. For if the action for
460 836 1891 1014 which Titius is attainted, has already
462 1130 1914 1279 been declared a crime, then the common
455 1378 1919 1569 courts of justice are open to inflict punish=足
462 1673 1886 1779 足ment: and there is no occasion to call
463 1892 1867 2094 in the assistance of the Legislature for
449 2166 1885 2368 the execution of laws, already in being.
1322 2406 1575 2481 action
391 2442 1804 2657 If, on the other hand, the act was not
477 2692 1896 2897 declared criminal by the laws, and the
460 2981 1890 3177 act of attainder, is, to all intents, and
424 3246 1848 3415 purposes, a new law, made pro re _
453 3518 2406 3695 nata (as our author in another place
1489 3681 1838 3787 declares
967 3795 1261 3961 81
