2731 4096
1183 139 1738 220 Note to Sect. II.
704 226 1894 336 note to be added at the end of Sect. ii
700 345 2525 464 Montesquieu as we have seen above was happier than
684 473 2545 601 our Author in fixing with precision what he meant
1613 572 2093 627 He determines
680 591 2526 728 by a State of Nature: & determining it to be, what
672 759 2521 898 it must mean in every treatise on Jurisprudence,
670 898 2559 992 that State which is antecedent to one entrance into
679 1024 2557 1164 Society. He has another advantage over our Author,
740 1125 1517 1194 he had a better notion
676 1168 2481 1274 he saw better than he did of the actions, to which
672 1304 2513 1424 the desire of happiness imprest upon us by our Creator,
1024 1434 1229 1475 a Man
679 1442 2503 1521 would lead us in his individual unconnected
1417 1531 2051 1585 observed did not
678 1570 2404 1656 State: He was not observe enough to talk of a
684 1715 2468 1847 man's living honestly & giving to every man his
674 1847 2502 1946 due in such a state, because he knew that the
676 1982 2507 2132 idea of honesty & property could not exist previ­
671 2116 2476 2259 ­ous to a State of Society: but he "La paix (says
643 2270 2503 2380 "he) seroit la premiere loi naturelle: une autre
643 2400 2386 2521 "loi naturelle seroit celle qui lui inspireroit
650 2549 2477 2646 "de chercher à se nourrir: La priere naturelle
648 2681 2439 2789 "seroit que les Sexes se font l'une à l'autre
648 2809 2526 2909 "seroit une troisieme loi naturelle: le desir
645 2958 2551 3065 de vivre en Societè est la quatrieme loi natu=­
635 3124 2477 3285 "­=relle." And if any thing could with propriety
645 3267 2350 3387 be called Law, which has not been formally
648 3392 2495 3513 promulged, & in a manner perceptible to our
663 3506 2455 3626 external senses these might be allowed to be
664 3642 2431 3751 called the laws of Nature. And here the Code of
660 3746 2488 3853 Nature must end, because here the State of
683 3866 2433 3998 Nature must cease _  9)35) Nature
