2731 4096
312 154 2412 414 of not acting. For notwithstanding
1440 367 1848 444 strange
926 413 2341 565 our Author's absurd definition of
2097 555 2455 640 amidst
912 571 2448 699 the word Obligation, yet however
917 741 2391 864 different all the various senses
917 923 2410 1002 in which Authors have used that
907 1056 2389 1220 term, They have always supposed it
902 1230 1837 1388 to ha imply this power.
1234 1350 2540 1569 inconsequence is confounding
915 1406 2338 1553 His first absurdity therefore was to
913 1573 2403 1730 confound the idea of Law with that of
901 1726 2375 1862 the principles imprest upon Master.
917 1877 2428 2012 For these all idea of obligation, all
924 2044 2351 2132 idea of motives is excluded. _
1306 2146 1906 2248 inconsequence
906 2209 2337 2393 His next absurdity is talking of
919 2369 2436 2521 a Law of Nature. There is no such
908 2510 2438 2705 thing. When was this Law notified?
922 2666 2351 2827 it cannot be notified: for the
917 2864 2328 2963 term nature is taken for the
904 3020 2447 3158 Author of Nature, for the Creator
928 3194 2507 3366 of the Universe: how should he notify
901 3368 2372 3494 this Law, it would cease to be the
906 3539 2477 3712 Law of Nature; it would become
914 3705 2380 3863 a part of the Law of Revelation.
1525 3868 2331 3970 2270  &
