2731 4096
1355 424 1957 504 such It concerns him to
978 481 2489 650 Mischief: Care ought he therefore certainly to
1138 629 1303 670 care
989 643 2400 829 take that in Recompence he is doing good.
1112 747 1518 826 ^ Thus much
1175 806 2532 975 This being premised it will appear that the
1023 866 1975 967 Question of merit or demerit in
988 902 1183 983 degree
1000 976 2577 1135 Merits of a Law is susceptible of these right Cases
1040 1145 2526 1284 1st. When both the Act prohibited is such as does
1003 1329 2485 1475 not produce Unhappiness in the Community,
1417 1434 2150 1523 is so often inflicted as to
995 1482 2553 1662 and the Penalty answers the End in an ordinary
973 1671 2506 1840 Degree of preventing it's being committed, but is
989 1850 2439 2026 greater than is necessary for that Purpose _
1160 2014 2339 2150 This is the Maximum of Imperfection.
1037 2187 2566 2339 Such, if it be necessary to hazard Examples all
1026 2360 2552 2536 along for the Sake of fixing the Import of the Rule,
1014 2514 2476 2698 may be conceived to be in Spain & Portugal the
1025 2681 2542 2820 Laws of the Inquisition against the Maintenance
1018 2834 2606 3028 of innocent or meritorious Opinions, inflicting Death
1026 3012 2572 3156 upon Offenders with all the Varieties of Torment.
1050 3222 2526 3324 2. Where the Act prohibited is such as does not
1025 3351 2585 3495 produce Unhappiness in the Community and the
1028 3515 2471 3694 Penalty answers the End in an ordinary Degree
1033 3677 2565 3838 of preventing it, but is no greater than is necessary
1012 3846 2501 3957 for that Purpose. such
