2731 4096
890 285 1568 435 Of Law in general.
876 430 1252 542 the Law itself.
890 549 2573 671 Our Author indeed had great expectations from the word Rule: His
858 686 2590 820 notion was as we shall see presently that it would serve to distin­
2187 765 2414 824 advice.
842 801 2598 944 ­guish Law from Counsel. or as we are apt to say In this _
849 950 2570 1051 however I am apt to imagine he will stand alone. If a man does
857 1067 2602 1230 as I counsel him, I see not why my counsel may not just as pro­
844 1189 2587 1348 ­perly be said to be the rule of his action as my Law may, when he
861 1318 2600 1481 does as I command him. You are about to mount a horse, & to
867 1446 2595 1614 to get on horseback, I am your friend Hold say I the Horse is
859 1585 2593 1738 vitious and will throw you. You are about to mount a Horse
861 1718 2610 1861 to steal, I am a Legislator and have said he that stealeth a Horse
863 1855 2608 2020 shall be hanged for it. You act accordingly. I see not why my _
869 1983 2600 2146 counsel is not as much a rule of your Action in the one case, _
861 2120 1600 2265 as my Law is in another.
897 2265 2616 2440 To say that such a Law is a rule of action, that it has been ta­
859 2404 2616 2565 ­ken by such an one for a rule of his actions is but an obscure and
863 2540 2618 2712 figurative way of saying that it has been obey'd A Law's being
867 2677 2612 2863 a Rule of action is therefore what may be or may not be. but
1407 2773 1927 2850 for without question
847 2821 2227 2956 if it is a Law, it is certain it is a command.
866 2913 1464 2993 As to the word rule ^
878 2958 2610 3123 The meaning of the word "rule" as applied to actions is either in
838 3083 2613 3246 general the same as that of the words "pattern", "model"; something
864 3226 2616 3406 in conformity to which action is carried on, which ought to be _
869 3380 2610 3550 equally said of instruction or of advice or more particularly a
873 3503 2627 3673 something that governs action. In the first sense, the expression
873 3630 2612 3764 is not true of a Law, any farther than it is true of a command:
896 3736 2587 3946 Sect. I. Law in General
