2731 4096
1318 164 1788 270 Section IV
953 395 2336 591 The author's account of the law of
905 637 1564 720 nations.
886 847 2312 1024 I must again recall the reader's attention
890 1062 2380 1226 to the definition of law, as originally laid down
880 1266 2368 1441 by our author, namely, "that it is a rule of action
862 1481 2321 1656 "prescribed by some superior, and which the
856 1715 2375 1916 "inferior is bound to obey." Let us then see With
891 1944 2252 2153 this definition in view, let us examine his
892 2173 1945 2376 account of the law of nations.
882 2415 2518 2584 "As it is impossible (says he) for the whole race
859 2652 2356 2870 "of mankind to be united in one great Society,
882 2935 2333 3093 "they must necessarily divide into many,
879 3155 2325 3342 "and form Separate States, Common Wealths,
865 3387 2382 3619 "and nations, entirely independent of each
868 3666 2337 3912 "other, and yet liable to a mutual intercourse.
2114 3820 2299 3917 hence
1512 3846 1905 3975 18)57)
