2731 4096
603 204 2579 399 "by human reason in its 'present corrupted state:'
592 402 2473 595 "since we find, that till they were revealed, they
593 551 2576 715 "were hid from the wisdom of Ages." _ Poor human
188 636 2580 741 reason! but a minute since & thou wast in full possession of the knowledge of these
640 721 2575 859 What idea does the Author mean to give us, of the great
609 850 2517 1021 Legislator of the Universe? He forms in his own
616 1020 2548 1195 breast a Law, which is to be binding over all the globe,
625 1203 2540 1312 in all Countries, & in all times, & yet does not condescend
614 1343 2530 1500 to publish this Law to the very Creatures who are to be
613 1523 2578 1667 bound by it for thousands of years: & then publishes it,
630 1708 2586 1878 as it were by stealth, to a small part of his bearing
633 1877 1714 1980 though it is to bind them all.
646 2054 2503 2221 He gives them says the learned Judge, sufficient
633 2231 2621 2365 means of arriving at the knowlege of this Law. _
646 2387 2555 2519 though to be pure, sufficient as these means were,
649 2547 2584 2744 they proved insufficient the very first moment,
632 2730 2563 2923 they were applied, so continued to be ever
663 2913 1539 3037 after. _ This is an.
648 3130 2033 3291 But, says he, these means would be,
1906 3401 2282 3523 sufficient
1330 3790 1608 3920 20
