2731 4096
907 247 2224 401 The same objections would lie against
914 377 2284 536 making the law of Nature the foundation
911 513 2269 665 of municipal Law: with this additional
902 638 2284 740 circumstance: that as it is not quite so
900 757 2371 907 easy to define what is the law of Nature,
1736 815 2069 920 we mean by
901 871 2244 1027 as it is to define what is the law of
1835 976 2162 1065 therefore
896 1026 2331 1164 Revelation: there would scarcely remain
914 1161 1003 1189 no
892 1142 2313 1293 any rule of obedience at all. For one man,
907 1237 1869 1346 might conceive would find
895 1268 2393 1449 conceiving one municipal law to be contrary
894 1422 2256 1583 to his idea of the law of nature, and
901 1542 1245 1595 a second
899 1581 2334 1748 another another: and therefore, according
900 1710 2266 1819 to our Author's rule, no State could
892 1848 2327 1996 enforce obedience to any. At all times,
905 2018 2360 2112 & among all men this inconvenience
898 2147 2307 2256 would arise: that we must confound
890 2274 2285 2382 two very different ideas: that which is
942 2356 2440 2463 Lawful and expedient.
889 2419 2349 2562 expedient , with that which is Lawful
1458 3305 1764 3422 Note
911 3402 2350 3555 Lune chose, signified, to value a thing: whereas in
882 3552 2340 3728 truth it signifys to avail oneself of it: to draw advantages
868 3712 1110 3820 from it.
1460 3797 2191 3932 17) 83)
