2731 4096
1020 195 1231 281 Note
305 409 1848 614 Nor would any man have called upon
362 606 1858 802 our Author for an account of what would
280 775 1885 1115 have been, if nature, and it's author had
354 1082 1890 1269 been different: every reader would have been
353 1273 1826 1516 satisfied had he fairly, and impartially,
1105 1533 1490 1609 end of note
444 1586 1381 1679 told us what is. (end of note )
375 1648 2274 1747 He however God
206 1669 2448 1813 OOur author will not leave us long in pain about the Justice of the Creator : &
1112 1725 1808 1830 as a being of infinite wisdom
450 1810 1569 1901 <INS> therefore the creator
452 1819 1891 2002 Our author adds, "that the Creator has laid
433 2051 1893 2230 "down only such laws as were founded on those
443 2314 1891 2463 "relations of Justice, that existed in the nature
349 2567 2458 2717 "of things anteceding to any positive precept". _ How our Author
1446 2641 2461 2709 here a law laid down
223 2677 2548 2828 loves to perplex us. 'the Law of nature is now spoken of, as a positive principle ;
240 2764 2425 2869 but when we expect to learn when & where it was promulgated, we
421 2826 1897 2932 And he tells us, "that the Creator has enabled
230 2933 2291 3049 are put off with the old story: - "that the Creator has enabled
1302 3024 1415 3115 it
420 3069 1908 3214 "human reason to discover these eternal, and
243 3267 1865 3475 "innevitable laws of good, and evil so far
416 3559 1897 3749 "as they are necessary for the conduct of human
1607 3714 1873 3763 action
1088 3862 1242 3954 30
