2731 4096
330 157 765 308 To be copied
830 382 2278 565 [Now, if our author himself has been so
911 650 2337 854 unlucky in the application of his own
894 917 2377 1079 distinction, what can he expect from a com=­
907 1170 2412 1343 ­mon reader? How is he to fix with precision
902 1429 2367 1630 what are matters of right, and what not?
877 1685 2371 1808 How is he to draw the Line between the _
2251 1897 2357 1967 *
900 1940 2464 2113 mala in se, and the malam prohibitam?
801 2201 2372 2384 [Our author goes on to tell us, that Municipal
2163 2324 2355 2426 law
1422 2546 1687 2663 Note
885 2677 2332 2902 * I hope the reader will not imagine that
934 2885 2387 3062 I mean to defend the Game laws: they are most
894 3072 2374 3240 certainly cruel, and absurd, and directly contrary
890 3290 2360 3477 to the spirit of the constitution. But though I
900 3499 2357 3657 would join in every legal means of obtaining
894 3693 2296 3832 a repeal of them, I should never consider it as a
896 3819 2469 3959 legal means to violate them myself, meerly under the
1473 3924 1646 3997 102
