2731 4096
438 317 1917 523 be apt to conclude from hence, that the Sanc=­
446 595 1928 802 ­tion of human laws was perfectly useless?
448 860 1886 1071 For if they can give no additional Strength
468 1122 1868 1324 to preexisting rights: if they furnish no
853 1308 1184 1386 motives
471 1382 1882 1551 additional <gap/> to preexisting duties, to
440 1642 1891 1833 what purpose are they added? If human
460 1882 1884 2086 laws can neither strengthen, nor add to, nor
437 2120 1897 2328 diminish, nor any wise alter these preexisting
428 2417 1906 2593 rights, and duties, about what is the wisdom
417 2646 1906 2864 If the will of the Legislature employed.a By
384 2842 2460 3020 [Our Author however is mistaken; & takes away from human
445 2931 2010 3100 legislatures, that importance they deserve. By
413 2986 1828 3098 our entrance into Society, new relations
420 3085 2335 3181 arise: our connections are extended. _ Hence the violation
465 3173 2401 3286 of these pre-existing rights is followed by a more extensive
435 3228 1903 3425 arise, and if laws are to be founded upon
453 3331 1966 3488 shock; & by a greater portion of misery. And
428 3478 1878 3656 these relations, then these fore existing rights
465 3618 1848 3723 hence the rights themselves are are
1473 3763 1891 3846 still
1060 3893 1231 3990 115
