2731 4096
1260 171 1957 262 Addenda to Sect. iii
1250 311 1375 378 on to
874 316 2514 522 O Thus far for the want of publication of these Laws.
898 466 2619 626 Let us next examine the conformity between
898 596 2614 739 our Author's extracts from the Code of Nature,
897 705 1716 874 & the Law of Revelation.
887 865 2509 1023 "Hurt no body, (says the Law of Nature, speaking
862 979 2551 1119 "through our Author)" & render to everyone
1451 1094 2522 1173 should I be thought to render to
875 1131 2486 1292 "his due." _ Walk through a Land says the Law
906 1249 2487 1423 every one his due, if I took it into my head,
2295 1390 2563 1448 ground
886 1399 2468 1553 that walking through another man's field
878 1542 2618 1680 gave me a title to those grounds: & that such
898 1685 2609 1815 a title so acquired gave my descendants a
1784 1777 2549 1874 some hundred years cut the
896 1825 2485 1919 right to enter upon these grounds, to knock
875 1904 2438 1995 <gap/> of the afterwards to cut the throats of the
875 1965 2606 2108 the landlord, & his tenant, & their Servants;
1027 2094 1102 2172 to
878 2084 2539 2223 on & take possession of Lands, houses, crops, &
1742 2209 2240 2270 revealed law
878 2263 2588 2382 Stock? Yet so says the Law of <gap/> as contained
880 2394 2599 2497 in the old Testament. _ Should I be thought
864 2528 2600 2721 to hurt no body, if I killed every man, woman
890 2693 2594 2857 & child who fell in my way during the
887 2825 2539 2986 execution of this project, whether they
902 2955 2627 3113 resisted or whether they submitted: Yet
884 3047 1368 3100 such are the
906 3106 2528 3237 so commands of the Law of revelation
2127 3203 2623 3297 the old Testament.
895 3224 2589 3347 as contained in the books of Revelations.
888 3345 2555 3501 Surely then these Laws of Revelation is by
2111 3476 2423 3522 our Author's
899 3515 2514 3620 no means conformable to the Law of
1566 3593 1734 3647 found in
891 3613 2497 3731 Nature, Yet all the Laws of the holy scripture are Laws of
1284 3686 1464 3721 <gap/> if
957 3693 2364 3755 Revelation the Author has made no distinction nor execution
910 3728 2496 3857 Yet be they ever so discordant our Author
903 3803 2500 3913 is determined to tack them together; & having
884 3873 2606 3999 once joined them will suffer no man to put them asunder.
2419 3944 2569 3993 For
