2731 4096
189 281 1136 440 Sect. I. Law in General.
189 425 1888 540 import of the word "Law," that it's own import as applied to human
188 557 1916 712 actions is no otherwise to be defined than by means of that same word.
1253 685 1451 740 as we
179 677 1897 840 When a man is bound to do an act, it is <gap/> have seen, by his be足
183 835 1904 969 足ing liable to be punished by virtue of a Law, or by a command at
188 965 754 1071 least, if he does it not.
187 1085 1905 1175 "When he put that matter into motion, he established certain Laws
168 1205 1928 1335 "of motion, to which all under it's government moveable bodies must
175 1322 1900 1471 "conform." Thus continues he when the supreme being formed the u足
161 1457 1887 1591 足"niverse, and created matter out of nothing, he impressed certain _
169 1569 1918 1696 "principles upon that matter, from which it can never depart, and without
183 1697 1936 1827 "which it would cease to be." This is then one character of a Law:
204 1802 326 1846 that
184 1840 1930 1966 " that which is governed by it cannot depart from it, and that if it were,
1372 1924 1830 1990 Tto the existence
192 1955 1896 2093 "to quit it, there would be an end to it's existence; <gap/> <gap/> not of the
267 2053 1464 2135 I mean is  ^
180 2101 1938 2233 Law, but of the thing, whatever it be, that's governed by it . Hence [if it]
290 2190 488 2267 ^ it
198 2221 1931 2348 should come out hereafter that there is such a sort of an animal as
197 2362 1918 2496 is called Man, and that for this animal there are such things _
1343 2423 1987 2497 in some measure what
182 2474 1938 2589 made as are called Laws: this much we know of what would become
169 2560 1003 2626 how it would be with him.
176 2609 1904 2734 of him . In the first place, he never could do but as they would have
196 2733 1912 2845 him: in the next place, (to suppose what, it seems, is impossible) if
1169 2834 1349 2893 certain
176 2874 1507 2979 he did , his annihilation would be the consequence.
414 2982 850 3069 descend, says
208 3011 1912 3158 "And to pretend continues our Author, from the greatest operations
184 3144 1878 3287 "to the smallest, when a workman forms a Clock" (making a Clock
176 3260 1903 3420 "being the smallest operation that is performed) "when a workman _
164 3385 1903 3548 "makes a Clock," says he, "or other piece of mechanism, he establishes,
158 3515 1927 3673 "at his own pleasure , certain arbitrary laws for it's direction: as that
317 3749 1328 3900 Sect. I. Law in General.
