2731 4096
894 371 2233 576 according to his own definition of law,
889 568 2297 831 which supposes it to be of the essence of a law
873 828 2302 1012 to be prescribed, that is manifested by some
871 999 1441 1258 external sign. #
933 1253 1684 1344 Our Author tells us,
874 1318 2302 1507 He tells us, indeed as we have marked in
856 1503 2364 1754 the preceding section, "that the Creator has ena=­
862 1753 2293 1950 ­"bled human reason to discover these laws
825 2029 2248 2227 "of nature, so far as they are necessary for
884 2189 2582 2277 "the conduct of human Actions." _ Nay that our own
895 2250 2599 2340 happiness is so intimately connected with the observance
899 2304 2502 2402 of these laws. "that we want no other prompter
839 2340 2335 2487 "the conduct of human actions: Yet now he
857 2405 2440 2537 "to enquire after & pursue the rule of right
865 2497 2435 2593 "than our own self love." _ This he said when
861 2554 2602 2676 tells us, "that we are not to <gap/> conclude vol. 1. P. 42
856 2643 2537 2790 the Law of Nature was in favor. Now comes the turn
885 2722 2558 2822 of the revealed Law: & things are changed again:
843 2791 2104 2875 "For we are not to conclude
836 2829 2295 2984 that the knowledge of these truths was at=­
834 3035 2312 3251 ­"tainable by reason in it's present corrupted
843 3248 2284 3548 "State; since we find that untill they were
826 3542 2270 3726 "revealed they were hid from the wisdom of
2020 3707 2272 3838 "ages
2318 3732 2561 3862 38)
