2731 4096
714 232 2438 427 But though these laws ( are not attainable by
702 399 2512 550 human reason in it's present corrupted State,
713 546 2551 695 our Author's reason having escaped the general
695 696 2566 863 contagion, or being at least, not quite so corrupted
694 847 2562 970 as that of his Neighbors, has found out these
710 958 904 1015 bills
679 1010 2477 1154 Articles of this great Code of nature; with
700 1168 2589 1362 which he is kind enough to favor the world.
724 1337 2589 1491 These are that "we should live honestly: hurt nobody
686 1479 1847 1624 "& render to every one his due"._
710 1613 2556 1730 As our Author does not pretend to tell us where, & to whom,
710 1751 2581 1888 these were declared parcels of the Law of Nature: as
706 1880 2514 2017 he came to the knowlege of the fact meerly by the
716 2020 2558 2162 lucky incident of his reason's escaping the general
724 2166 2446 2326 Corruption: _ & as your Sceptical people may
1809 2297 2236 2375 the truth of this
725 2337 2428 2447 not give implicit faith to this last incident,
730 2493 2478 2601 upon which however all depends, I could wish he
1550 2575 2121 2642 out an
902 2611 2519 2694 condescended to throw in a proof or two argument
734 2650 2521 2805 had spent a moment or two in proving that these
738 2777 2450 2932 or two en passant to prove that these are parcels
749 2915 1600 3041 of the Law of Nature.
737 3076 2554 3185 I could even wish he had taken the matter a
735 3214 2594 3408 little higher: And had began by defining what
729 3362 2500 3520 he means by the State of Nature: For till we
730 3531 2541 3679 understand what is meant by the State of Nature,
736 3668 2551 3776 we cannot tell what to call a Law of Nature
1443 3781 1698 3894 24)
2008 3822 2367 3911 When
