2731 4096
931 403 2364 574 it a crime to "wear a garment" of diverts sorts;
922 625 2343 840 of linnens, and woolen together? would he
930 893 2325 1097 establish a difference in the laws of usury,
921 1135 2421 1338 and make that interest legal from a Stranger,
924 1367 2298 1566 which would be usurious, if taken from a
917 1604 2318 1834 countryman? If brethren dwell together
880 1840 2351 2026 "(says the divine law) and one of them die, and
914 2069 2355 2284 "have no child, the wife of the dead shall not
912 2322 2350 2558 "marry without, unto a Stranger, the hus=­
903 2566 2354 2800 ­"band's Brother shall go in unto her, and take
893 2831 2330 3097 "her to him to wife". Let our Author tell us
909 3090 2282 3252 whether this would be called sound law
824 3369 2412 3512 at Doctors Commons? or at Westminster Hall
883 3637 2347 3836 "Whosoever shall unite thee on thy right Cheek
1453 3855 2300 4033 14) 45) says
