2731 4096
1228 229 1739 361 Section II
893 461 2190 667 Of the Authors account of the laws
864 738 1374 883 of Nature.
857 1021 2254 1200 "This will of his maker (says our Author)
848 1280 2376 1457 "is called the law of nature". To make this
858 1506 2248 1681 will a law, it must have been prescribed,
817 1725 2266 1952 (according to our author's own definition of
860 1971 2358 2146 law) that is notified to all mankind: And
894 2119 1984 2244 that this He speaks of the he
864 2154 2259 2362 it is the same will, which our author had
857 2378 2262 2631 before said, man, that is all men, must
854 2693 2265 2863 inevitably follow as the Rule of Conduct.#
851 2950 2274 3133 Surely, then it can be no difficult matter to
854 3191 2234 3398 discover with precision, what this will is,
858 3425 2248 3621 which has been thus notified to all, and is
1939 3582 2108 3659 thus
1494 3846 1846 3948 5)15)
