2731 4096
241 157 715 295 To be copied
479 359 1808 527 disobedient? did he mean to justify the
444 570 1895 757 false Philosopher, or the mad Fanatic,
469 821 1746 983 in refusing obedience to the laws of his
479 1014 1852 1206 country, upon motives, drawn from a false
789 1280 1079 1372 reasoning
471 1330 1851 1483 chain of <gap/> , or from a mistaken sense
468 1499 1856 1710 of Scripture? Or, did he mean to perplex, and
443 1823 1870 2000 confound the well meaning Citizen, by
476 2091 1890 2262 holding out to him contrary, and irrecon­
487 2333 1237 2535 ­cileable obligations?
490 2564 1851 2793 It would, I think be no difficult matter to
459 2847 1809 3010 produce various examples of the flattest,
479 3064 1870 3280 and most direct contradiction between the
489 3337 1892 3518 laws of revelation, and the laws of England.
467 3609 1859 3791 A few examples shall suffice. "Thou shalt
1700 3746 1808 3798 not
885 3794 1165 3924 42
