<?xml version='1.0' encoding='utf-8'?>
<PcGts xmlns="http://schema.primaresearch.org/PAGE/gts/pagecontent/2013-07-15" xmlns:xsi="http://www.w3.org/2001/XMLSchema-instance" xsi:schemaLocation="http://schema.primaresearch.org/PAGE/gts/pagecontent/2013-07-15 http://schema.primaresearch.org/PAGE/gts/pagecontent/2013-07-15/pagecontent.xsd">
  <Metadata>
    <Creator>UPV-PRHLT</Creator>
    <Created>2013-03-08T05:03:58</Created>
    <LastChange>2015-12-14T11:11:37</LastChange>
  </Metadata>
  <Page imageFilename="096_035_003.jpg" imageHeight="4096" imageWidth="2731">
    <TextRegion id="t1">
      <Coords points="326,198 747,171 986,205 1597,279 1602,279 2311,308 2373,457 2392,3907 1817,3937 1553,3976 1352,4000 1347,3997 994,3857 768,3772 757,3772 511,3689 300,300 308,244" />
      <TextLine id="7875">
        <Coords points="1035,353 2006,346 2278,401 2278,418 2279,419 2279,420 1992,491 1991,491 1990,492 1989,492 1988,493 1987,493 1985,495 1984,495 1983,496 1979,496 1977,498 1975,498 1974,499 1973,499 1972,500 1970,500 1969,501 1964,501 1963,502 1463,481 901,502 893,510 892,510 888,514 887,514 886,515 884,515 871,430 934,334" />
        <TextEquiv>
          <Unicode>by which we arrive at this knowledge; or are</Unicode>
        </TextEquiv>
      </TextLine>
      <TextLine id="7876">
        <Coords points="2168,570 2191,593 2192,593 2193,594 2193,598 2233,638 2234,638 2234,640 2233,641 2232,641 2231,642 2230,642 2228,644 2227,644 2225,646 2224,646 2223,647 2196,647 2195,648 2194,648 2192,650 2171,650 2168,653 2140,653 2139,654 2115,654 2114,655 2087,655 2083,659 1916,659 1785,702 1424,740 1363,751 1144,757 1138,763 1137,763 1136,764 1135,764 1133,766 1126,766 1047,687 944,687 943,686 901,686 900,685 899,685 898,684 874,684 872,682 872,681 871,680 873,674 874,673 874,672 876,670 876,669 877,668 877,667 881,663 881,662 890,653 891,653 897,647 899,647 900,646 901,646 902,645 1009,645 1015,639 1016,639 1021,634 1022,634 1026,630 1027,630 1030,627 1054,627 1056,625 1057,625 1061,621 1064,621 1242,585" />
        <TextEquiv>
          <Unicode>enabled to form this opinion. Now let him</Unicode>
        </TextEquiv>
      </TextLine>
      <TextLine id="7877">
        <Coords points="1951,820 2290,820 2291,821 2293,821 2294,822 2294,823 2295,824 2295,827 2294,828 2294,829 2293,830 2293,831 2291,833 2290,833 2289,834 2289,835 2288,836 2288,837 2280,845 2280,846 2277,849 2277,850 2275,852 2274,852 2271,855 2271,856 2270,857 2269,857 2267,859 2267,860 2259,868 2258,868 2256,870 2255,870 2253,872 2253,873 2251,875 2250,875 2247,878 2247,879 2246,879 2243,882 2241,882 2239,884 2205,884 2201,888 2198,888 2196,890 2196,891 2136,891 2054,973 992,973 935,925 934,924 870,924 869,923 869,921 870,920 870,919 871,918 871,917 873,915 873,914 889,898 889,897 891,895 891,894 893,892 893,890 897,886 897,884 899,882 899,881 910,870 910,869 911,868 911,867 917,861 917,860 921,856 921,855 927,849 1117,849 1118,848 1370,848" />
        <TextEquiv>
          <Unicode>take the word in any of these Senses, and I</Unicode>
        </TextEquiv>
      </TextLine>
      <TextLine id="7878">
        <Coords points="2204,1088 2205,1089 2264,1089 2265,1090 2265,1095 2263,1097 2263,1098 2262,1099 2262,1100 2258,1104 2257,1104 2250,1111 2249,1111 2246,1114 2245,1114 2244,1115 2242,1115 2241,1116 2222,1116 2221,1117 2197,1117 2196,1118 2195,1118 2194,1119 2164,1119 2163,1120 2162,1120 2161,1121 2158,1121 2157,1122 2101,1122 2100,1123 2088,1123 2032,1179 2031,1179 2026,1184 2025,1184 2018,1191 2017,1191 2016,1192 2015,1192 2013,1194 1754,1194 1747,1201 1746,1201 1741,1206 1740,1206 1738,1208 1737,1208 1731,1214 1730,1214 1729,1215 1727,1215 1726,1216 1696,1216 1691,1221 1690,1221 1689,1222 1688,1222 1686,1224 1683,1224 1682,1225 1681,1225 1680,1224 1677,1224 1676,1223 1408,1223 1407,1222 1405,1222 1402,1219 904,1219 903,1218 865,1218 865,1216 866,1215 866,1214 867,1213 867,1212 869,1210 869,1209 871,1207 871,1206 872,1205 872,1154 873,1153 873,1152 876,1149 876,1148 879,1145 879,1144 888,1135 889,1135 892,1132 893,1132 896,1129 898,1129 899,1128 901,1128 902,1127 921,1127 949,1099 1098,1099 1107,1090 1108,1090 1112,1086 1113,1086 1114,1085 1115,1085 1116,1084 1310,1084 1312,1082 1314,1082 1315,1081 1338,1081 2138,1042" />
        <TextEquiv>
          <Unicode>apprehend he will find it difficult to give us</Unicode>
        </TextEquiv>
      </TextLine>
      <TextLine id="7879">
        <Coords points="1970,1304 2235,1304 2236,1305 2236,1309 2235,1309 2234,1310 2234,1344 2233,1345 2233,1351 2231,1353 2231,1354 2230,1355 2230,1356 2229,1357 2228,1357 2227,1358 2226,1358 2224,1360 2221,1360 2220,1361 2220,1362 2219,1362 2218,1363 2185,1363 2183,1365 2182,1365 2181,1366 2181,1367 2149,1367 2148,1368 2105,1368 2020,1453 2019,1453 2014,1458 2013,1458 2010,1461 2008,1461 2007,1462 1840,1440 1135,1476 1128,1483 1125,1483 1124,1484 1120,1484 1091,1455 913,1455 912,1454 911,1454 910,1453 909,1453 908,1452 907,1452 905,1450 901,1450 900,1449 899,1449 898,1448 898,1447 894,1443 894,1442 893,1441 893,1440 892,1439 892,1438 891,1437 891,1413 881,1403 881,1401 882,1400 882,1398 899,1381 900,1381 907,1374 908,1374 910,1372 912,1372 913,1371 953,1371 969,1314" />
        <TextEquiv>
          <Unicode>any idea of obligation, which does not refer to</Unicode>
        </TextEquiv>
      </TextLine>
      <TextLine id="7880">
        <Coords points="1864,1535 2098,1535 2099,1536 2100,1536 2149,1585 2176,1585 2177,1586 2178,1586 2180,1588 2214,1588 2216,1590 2268,1590 2269,1591 2269,1595 2268,1596 2268,1598 2267,1599 2267,1600 2266,1601 2266,1610 2265,1610 2264,1611 2263,1611 2262,1612 2259,1612 2258,1613 2257,1613 2256,1614 2247,1614 2246,1615 2244,1615 2243,1616 2241,1616 2238,1619 2236,1619 2235,1620 1978,1620 1975,1623 1973,1623 1972,1624 1971,1624 1970,1625 1967,1625 1966,1626 1965,1626 1964,1627 1915,1627 1914,1628 1786,1628 1785,1629 1763,1629 1762,1630 1761,1630 1760,1631 1715,1631 1713,1633 1696,1633 1600,1729 1599,1729 1597,1731 1596,1731 1595,1732 1594,1732 1593,1733 1592,1732 1590,1732 1586,1728 1440,1728 1439,1727 1436,1727 1429,1720 910,1720 909,1719 907,1719 907,1718 906,1717 906,1678 878,1650 878,1591 877,1590 948,1584" />
        <TextEquiv>
          <Unicode>conscience: and therefore if human laws are</Unicode>
        </TextEquiv>
      </TextLine>
      <TextLine id="7881">
        <Coords points="2266,1807 2266,1846 2265,1847 2265,1848 2263,1850 2263,1851 2261,1851 2260,1852 2260,1853 2256,1857 2256,1858 2252,1862 2251,1862 2249,1864 2249,1865 2246,1868 2246,1869 2242,1873 2241,1873 2238,1876 2238,1877 2232,1883 2231,1883 2214,1900 2213,1900 2210,1903 2209,1903 2208,1904 2207,1904 2206,1905 2205,1905 2204,1906 2202,1906 2199,1909 2197,1909 2196,1910 2191,1910 2190,1911 1819,1911 1809,1921 1787,1921 1763,1945 1762,1945 1749,1958 1748,1958 1747,1959 1746,1959 1745,1960 1744,1960 1737,1967 1735,1967 1734,1968 1733,1968 1729,1972 1728,1972 1727,1973 1725,1973 1724,1974 1723,1974 1722,1975 1721,1975 1720,1976 1719,1976 1718,1977 1717,1977 1714,1980 1699,1965 1652,1965 1647,1960 1293,1960 1292,1959 1291,1959 1286,1954 1184,1954 1183,1953 1179,1953 1178,1952 1177,1952 1176,1951 1175,1951 1174,1950 1171,1950 1170,1949 1169,1949 1167,1947 1166,1947 1165,1946 1164,1946 1162,1944 1161,1944 1155,1938 1154,1938 1132,1916 950,1916 945,1911 908,1911 907,1910 885,1910 884,1909 884,1907 885,1906 885,1905 886,1904 886,1896 902,1800 2242,1779" />
        <TextEquiv>
          <Unicode>not binding upon Mens consciences; they</Unicode>
        </TextEquiv>
      </TextLine>
      <TextLine id="7882">
        <Coords points="1987,2055 2073,2055 2074,2056 2259,2056 2260,2057 2261,2057 2282,2078 2296,2078 2297,2079 2298,2079 2298,2080 2299,2081 2299,2109 2306,2116 2306,2117 2271,2117 2270,2118 2269,2118 2267,2120 2266,2120 2264,2122 2263,2122 2261,2124 2261,2125 2260,2126 2153,2126 2144,2135 2142,2135 2140,2137 1906,2137 1858,2185 1378,2185 1265,2214 1213,2153 943,2153 942,2152 941,2152 940,2151 910,2151 909,2150 891,2150 891,2146 901,2136 901,2135 902,2135 906,2131 907,2131 913,2125 948,2125 949,2124 950,2124 951,2123 953,2123 954,2122 1014,2122 1016,2120 1017,2120 1018,2119 1074,2119 1075,2118 1077,2118 1078,2117 1079,2117 1080,2116 1084,2116 1085,2115 1086,2115 1087,2114 1088,2114 1112,2090 1113,2090 1116,2087 1157,2087 1160,2084 1161,2084 1165,2080 1166,2080 1177,2069 1178,2069 1179,2068 1180,2068 1181,2067 1182,2067 1183,2066 1231,2066 1240,2057 1417,2057" />
        <TextEquiv>
          <Unicode>are not binding at all. For, I apprehend, that</Unicode>
        </TextEquiv>
      </TextLine>
      <TextLine id="7883">
        <Coords points="1864,2306 1868,2306 1889,2327 1903,2327 1905,2329 1948,2329 1949,2330 2112,2330 2132,2350 2283,2350 2284,2351 2284,2352 2285,2353 2285,2355 2280,2360 2279,2360 2278,2361 2277,2361 2273,2365 2272,2365 2269,2368 2268,2368 2266,2370 2265,2370 2264,2371 2263,2371 2262,2372 2260,2372 2259,2373 2213,2373 2212,2374 2211,2374 2210,2375 2148,2375 2147,2376 2146,2376 2145,2377 2124,2377 2123,2378 2121,2378 2120,2379 2092,2379 2090,2381 1992,2381 1991,2382 1990,2382 1988,2384 1848,2384 1847,2385 1846,2385 1845,2386 1685,2386 1682,2389 1681,2389 1680,2390 1679,2390 1678,2391 1622,2391 1620,2393 1619,2393 1618,2394 1336,2394 1335,2395 1334,2395 1263,2466 1260,2466 1243,2483 1242,2483 1239,2486 1231,2486 1202,2457 948,2457 947,2456 945,2456 897,2408 895,2408 894,2407 874,2407 871,2404 861,2404 860,2403 860,2402 859,2401 859,2393 860,2392 860,2387 861,2386 861,2384 889,2356 889,2329 890,2328 890,2326 892,2324 893,2324 895,2322 897,2322 898,2321 900,2321 901,2320 906,2320 907,2319 911,2319 912,2318 949,2318 950,2317 1610,2317 1611,2316 1766,2316 1771,2311 1772,2311 1774,2309 1860,2309 1862,2307 1863,2307" />
        <TextEquiv>
          <Unicode>The operation of the mind, which determines us</Unicode>
        </TextEquiv>
      </TextLine>
      <TextLine id="7884">
        <Coords points="2264,2613 2262,2615 2262,2616 2257,2621 2256,2621 2252,2625 2251,2625 2250,2626 2250,2627 2249,2627 2247,2629 2246,2629 2245,2630 1956,2630 1953,2633 1952,2633 1950,2635 1912,2635 1909,2638 1908,2638 1898,2648 1897,2648 1892,2653 1891,2653 1883,2661 1882,2661 1880,2663 1879,2663 1876,2666 1875,2666 1874,2667 1873,2667 1872,2668 1871,2668 1867,2672 1866,2672 1865,2673 1863,2673 1861,2675 1860,2675 1858,2677 1855,2677 1854,2678 1852,2678 1850,2680 1848,2680 1847,2681 1845,2681 1844,2682 1611,2682 1606,2687 1605,2687 1600,2692 1599,2692 1598,2693 1240,2693 1237,2696 1236,2696 1235,2697 1234,2697 1233,2698 1231,2698 1229,2700 1228,2700 1227,2701 1225,2701 1224,2702 1220,2702 1219,2703 1213,2703 1212,2702 1207,2702 1205,2700 1203,2700 1202,2699 1201,2699 1199,2697 1198,2697 1156,2655 946,2655 945,2654 870,2654 870,2650 874,2646 874,2644 879,2639 879,2638 880,2637 880,2636 882,2634 882,2633 884,2631 884,2630 885,2629 885,2628 886,2627 886,2626 887,2625 887,2624 888,2623 888,2616 889,2615 889,2614 893,2610 895,2610 897,2608 898,2608 899,2607 900,2607 937,2570 1164,2570 2287,2538" />
        <TextEquiv>
          <Unicode>to act one way, or other, is precisely the same</Unicode>
        </TextEquiv>
      </TextLine>
      <TextLine id="7885">
        <Coords points="1776,2811 2080,2811 2102,2833 2156,2833 2178,2855 2213,2855 2218,2860 2236,2860 2239,2863 2240,2863 2242,2865 2258,2865 2259,2866 2260,2866 2261,2867 2262,2867 2263,2868 2264,2868 2266,2870 2267,2870 2268,2871 2268,2873 2256,2873 2255,2874 2255,2875 2254,2875 2251,2878 2249,2878 2248,2879 2245,2879 2244,2880 2223,2880 2222,2881 2221,2881 2219,2883 2219,2884 2147,2884 2146,2885 2115,2885 2107,2893 2105,2893 2104,2894 2103,2894 2102,2895 2101,2895 2099,2897 2097,2897 2096,2898 2094,2898 2093,2899 2092,2899 2080,2911 2079,2911 2078,2912 2077,2912 2054,2935 2053,2935 2046,2942 2045,2942 2042,2945 2041,2945 2036,2950 2035,2950 2034,2951 2033,2951 2032,2952 2031,2952 2029,2954 2027,2954 2026,2955 1955,2955 1943,2967 1942,2967 1936,2973 1935,2973 1930,2978 1929,2978 1928,2979 1927,2979 1926,2980 1922,2980 1921,2979 1917,2979 1906,2968 1545,2968 1542,2965 1541,2965 1540,2964 1538,2964 1489,2915 918,2915 913,2910 904,2910 903,2909 884,2909 883,2908 882,2908 882,2906 883,2905 883,2904 884,2903 884,2902 886,2900 886,2899 889,2896 889,2895 892,2892 892,2891 895,2888 895,2886 896,2885 896,2884 897,2883 897,2882 898,2881 924,2881 930,2875 931,2875 932,2874 933,2874 934,2873 948,2873 973,2848 974,2848 982,2840 983,2840 984,2839 985,2839 988,2836 1213,2836 1216,2833 1218,2833 1219,2832 1220,2832 1221,2831 1596,2831 1600,2827 1602,2827 1603,2826 1604,2826 1605,2825 1700,2825" />
        <TextEquiv>
          <Unicode>whether those actions be prescribed or forgiven</Unicode>
        </TextEquiv>
      </TextLine>
      <TextLine id="7886">
        <Coords points="2181,3068 2182,3068 2208,3094 2282,3094 2283,3095 2302,3095 2304,3097 2304,3098 2303,3099 2303,3100 2302,3101 2302,3102 2298,3106 2298,3107 2295,3110 2295,3111 2291,3115 2291,3116 2288,3119 2288,3120 2286,3122 2286,3123 2281,3128 2281,3129 2279,3131 2279,3132 2276,3135 2276,3136 2274,3138 2274,3188 2271,3191 1238,3191 1213,3216 1212,3216 1211,3217 1196,3217 1191,3222 1190,3222 1189,3223 1188,3223 1183,3228 1182,3228 1177,3233 1176,3233 1174,3235 1173,3235 1172,3236 1171,3236 1169,3238 1165,3238 1163,3240 1162,3240 1161,3241 1159,3241 1158,3242 1154,3242 1153,3243 1144,3243 1143,3242 1139,3242 1138,3241 1137,3241 1135,3239 1134,3239 1133,3238 856,3238 855,3237 851,3237 850,3236 850,3230 851,3229 851,3228 852,3227 852,3226 855,3223 855,3222 859,3218 859,3216 862,3213 862,3212 863,3211 863,3210 865,3208 865,3207 870,3202 870,3201 876,3195 876,3194 878,3192 878,3191 882,3187 882,3186 883,3185 883,3184 893,3174 893,3173 894,3172 894,3171 897,3168 897,3136 898,3135 898,3134 900,3134 901,3133 903,3133 904,3132 906,3132 907,3131 908,3131 909,3130 911,3130 912,3129 913,3129 915,3127 916,3127 918,3125 919,3125 952,3092 953,3092 954,3091 955,3091 960,3086 961,3086 962,3085 1362,3085 1363,3084 1941,3084 1945,3080 1946,3080 1949,3077 1951,3077 1953,3075 1954,3075 1956,3073 1958,3073 1959,3072 1960,3072 1961,3071 2176,3071 2177,3070 2178,3070 2179,3069 2180,3069" />
        <TextEquiv>
          <Unicode>forbidden by human, or divine laws. In all</Unicode>
        </TextEquiv>
      </TextLine>
      <TextLine id="7887">
        <Coords points="2316,3298 2319,3298 2320,3299 2320,3301 2317,3304 2317,3305 2316,3305 2313,3308 2313,3309 2310,3312 2309,3312 2308,3313 2308,3314 2305,3317 2305,3357 2304,3358 2263,3358 2262,3359 2262,3360 2261,3361 2159,3361 2156,3364 2155,3364 2153,3366 2013,3366 2012,3367 1967,3367 1964,3370 1964,3371 1963,3371 1960,3374 1942,3374 1929,3387 1928,3387 1922,3393 1921,3393 1913,3401 1912,3401 1909,3404 1908,3404 1903,3409 1901,3409 1898,3412 1897,3412 1895,3414 1894,3414 1892,3416 1889,3416 1888,3417 1887,3417 1884,3420 1882,3420 1881,3421 1879,3421 1878,3422 1877,3422 1876,3423 1690,3423 1672,3441 1671,3441 1666,3446 1664,3446 1663,3447 874,3444 875,3443 875,3434 882,3427 882,3426 894,3414 894,3413 897,3410 897,3409 899,3407 899,3406 901,3404 901,3403 903,3401 903,3400 906,3397 906,3396 908,3394 908,3379 909,3378 909,3377 910,3376 910,3375 913,3372 913,3371 920,3364 920,3363 944,3339 944,3337 956,3325 1399,3325 1401,3323 1402,3323 1407,3318 1408,3318 1410,3316 1411,3316 1412,3315 1413,3315 1414,3314 1762,3314 1767,3309 1768,3309 1770,3307 1771,3307 1774,3304 1775,3304 1776,3303 2311,3303" />
        <TextEquiv>
          <Unicode>possible cases, the motive of acting, or not act=­</Unicode>
        </TextEquiv>
      </TextLine>
      <TextLine id="7888">
        <Coords points="2304,3536 2305,3537 2306,3537 2306,3573 2317,3584 2317,3585 2318,3586 2318,3588 2319,3589 2319,3592 2318,3593 2318,3596 2317,3597 2317,3603 2316,3604 2316,3606 2315,3607 2315,3611 2311,3611 2310,3612 2310,3621 2309,3622 2233,3622 2201,3654 2201,3690 2198,3693 1633,3693 1632,3694 1515,3694 1507,3702 1506,3702 1504,3704 1459,3704 1448,3715 1307,3715 1306,3714 1305,3714 1303,3712 912,3712 909,3709 908,3709 904,3705 904,3663 893,3652 893,3649 894,3648 894,3647 895,3646 895,3645 898,3642 898,3633 899,3632 899,3631 914,3616 914,3615 942,3587 942,3582 1055,3582 1056,3581 1058,3581 1059,3580 1271,3580 1274,3577 1413,3577 1429,3561 1430,3561 1431,3560 1432,3560 1433,3559 1490,3559 1491,3558 1492,3558 1493,3557 1494,3557 1495,3556 1496,3556 1497,3555 2107,3555 2108,3554 2109,3554 2111,3552 2266,3552 2276,3542 2277,3542 2279,3540 2299,3540 2302,3537 2303,3537" />
        <TextEquiv>
          <Unicode>­ing is a desire of happiness, &lt;gap/&gt;&lt;gap/&gt;</Unicode>
        </TextEquiv>
      </TextLine>
      <TextLine id="7889">
        <Coords points="1830,3795 2173,3769 2287,3795 2287,3797 2302,3859 2297,3861 1895,3889 1824,3793" />
        <TextEquiv>
          <Unicode>sensation</Unicode>
        </TextEquiv>
      </TextLine>
      <TextLine id="7890">
        <Coords points="1295,3859 1616,3824 1626,3830 1630,3842 1706,3920 1412,3985 1373,3971 1293,3857" />
        <TextEquiv>
          <Unicode>94</Unicode>
        </TextEquiv>
      </TextLine>
    </TextRegion>
  </Page>
</PcGts>