2731 4096
397 186 1125 403 To be copied
563 366 2049 556 "afterwards" that the Creator has gracious=­
549 561 2036 766 "­ly reduced the rule of obedience to this one
490 847 2002 1001 "paternal precept, that man should pursue
549 1037 2041 1245 "his own happiness. This he says is the
544 1278 2030 1494 "foundation of natural law: and that
565 1563 2034 1712 "every action which tends to man's real
553 1818 1977 1987 "happiness is a part of the law of nature:
554 2050 2124 2215 "and every action, which is destructive of
559 2316 2043 2480 "man's real happiness, is forbidden by the
564 2618 1134 2737 "law of nature."
1592 2821 2337 2903 that this proposition is
552 2825 2044 3011 The reader will easily observe, how much this
1011 2972 1172 3038 with
571 3001 2351 3137 not of a piece of the rest: & will therefore perhaps
563 3101 2059 3276 last proposition contradicts the preceding part
574 3232 2034 3374 be less surprised than vexed when
541 3344 2085 3536 of our author's arguments: and perhaps
559 3565 2027 3748 he will be no less vexed than surprised, when
1891 3711 2018 3792 in
994 3757 1992 3908 32 he
