2731 4096
489 418 1892 593 "make the transgression a moral offence:
497 676 1981 848 "the only obligation in conscience is to sub=足
499 897 1942 1108 足"mit to the penalty, if levied." Now, is it not
507 1181 1926 1348 clear, that this prohibitory law does really,
505 1448 1976 1598 and truly create a property where it did not
881 1634 1042 1720 does
517 1647 1973 1848 exist before: vest that property in certain Per=足
1165 1840 1383 1910 them
503 1879 1913 2072 足sons? to whom it gives the exclusive Right of
513 2177 1947 2354 enjoying it, in the same manner as it gives
515 2391 1944 2587 to Titius the exclusive right to his field? And
514 2636 2222 2759 If then the bare circumstance
426 2704 1995 2914 therefore, if, in the first case, it was a matter
475 2853 2469 2991 of the Law's deciding about matter of right makes it a
264 2985 2018 3206 point of conscience not to invade, or withold the field,
464 3141 2172 3275 the same circumstance occurring in the latter
1271 3240 1529 3318 equally
550 3262 1960 3426 <gap/>, in this case it must be matter of conscience,
515 3563 1607 3729 not to withold, or invade the game.
1633 3791 1875 3927 100
