<?xml version='1.0' encoding='utf-8'?>
<PcGts xmlns="http://schema.primaresearch.org/PAGE/gts/pagecontent/2013-07-15" xmlns:xsi="http://www.w3.org/2001/XMLSchema-instance" xsi:schemaLocation="http://schema.primaresearch.org/PAGE/gts/pagecontent/2013-07-15 http://schema.primaresearch.org/PAGE/gts/pagecontent/2013-07-15/pagecontent.xsd">
  <Metadata>
    <Creator>UPV-PRHLT</Creator>
    <Created>2013-03-08T03:03:58</Created>
    <LastChange>2015-12-14T11:11:37</LastChange>
  </Metadata>
  <Page imageFilename="096_014_001.jpg" imageHeight="4096" imageWidth="2731">
    <TextRegion id="t1">
      <Coords points="831,163 1826,163 1910,295 1913,300 2152,426 2324,478 2292,918 2291,1005 2275,1286 2317,1807 2317,3024 2333,3985 1262,3969 1028,3988 902,3978 826,3743 792,3530 788,3517 788,3515 759,2963 821,2508 817,2284 788,2008 785,1473 763,1531 781,988 821,217" />
      <TextLine id="7099">
        <Coords points="1401,200 1406,200 1437,231 1482,231 1484,233 1519,233 1520,234 1521,234 1537,250 1824,221 1747,302 1746,303 1746,306 1745,306 1744,307 1687,307 1686,308 1686,368 1685,369 1685,370 1684,371 1684,373 1683,374 1683,375 1682,376 1233,363 1234,362 1234,304 1235,303 1235,302 1237,300 1237,299 1242,294 1242,293 1243,292 1243,291 1245,289 1315,289 1327,277 1327,276 1328,275 1328,274 1332,270 1332,268 1333,267 1333,266 1335,264 1335,263 1347,251 1347,250 1348,249 1348,248 1353,243 1353,240 1373,220 1374,220 1376,218 1377,218 1378,217 1379,217 1384,212 1385,212 1391,206 1392,206 1394,204 1395,204 1396,203 1397,203 1398,202 1399,202" />
        <TextEquiv>
          <Unicode>Section III</Unicode>
        </TextEquiv>
      </TextLine>
      <TextLine id="7100">
        <Coords points="2048,384 2049,384 2054,389 2081,389 2112,420 2126,420 2127,421 2128,421 2129,422 2130,422 2202,494 2231,494 2232,495 2232,497 2231,498 2231,500 2230,500 2229,501 2227,501 2226,502 2225,502 2220,507 2220,508 2217,511 2217,512 2216,513 2214,513 2213,514 2213,515 2209,519 2208,519 2207,520 2207,521 2206,521 2204,523 2203,523 2201,525 2200,525 2199,526 2198,526 2196,528 2194,528 2193,529 2191,529 2190,530 2029,530 2028,531 1973,531 1972,532 1949,532 1943,538 1911,538 1906,543 1870,543 1869,544 1836,544 1755,625 1754,625 1746,633 1739,633 1738,632 1737,632 1725,620 1077,620 1076,619 1075,619 1049,593 975,593 955,573 889,573 888,572 886,572 885,571 884,571 883,570 882,570 879,567 879,566 878,565 878,563 873,558 873,557 871,555 871,554 872,554 896,530 896,494 897,493 897,485 898,484 898,481 899,480 899,479 900,478 900,477 901,476 901,475 903,473 903,471 905,469 905,467 906,466 906,465 913,458 913,457 915,455 915,454 919,450 919,449 921,447 921,446 933,434 933,433 934,433 935,432 936,432 938,430 940,430 941,429 943,429 944,428 945,428 946,427 1457,427 1482,402 2030,402" />
        <TextEquiv>
          <Unicode>The Author's account of the laws</Unicode>
        </TextEquiv>
      </TextLine>
      <TextLine id="7101">
        <Coords points="1085,671 1091,671 1093,673 1094,673 1103,682 1247,682 1252,687 1322,687 1323,688 1324,688 1332,696 1364,696 1396,728 1413,728 1430,745 1435,745 1435,746 1436,747 1436,750 1435,751 1435,752 1410,752 1409,753 1407,753 1406,754 1406,755 1405,755 1404,756 1402,756 1401,757 1337,757 1336,758 1335,758 1334,759 1267,759 1262,764 1261,764 1259,766 1183,766 1182,767 1180,767 1179,768 1061,768 961,868 922,829 863,829 861,827 861,826 860,825 860,777 855,772 855,771 854,770 855,769 855,767 856,766 856,765 858,763 858,762 859,761 859,760 862,757 862,756 866,752 866,751 868,749 868,748 874,742 874,741 875,740 876,740 878,738 879,738 882,735 883,735 884,734 885,734 886,733 904,733 905,732 908,732 950,690 951,690 952,689 953,689 954,688 955,688 956,687 1055,687 1060,682 1061,682 1064,679 1065,679 1066,678 1069,678 1071,676 1072,676 1073,675 1074,675 1076,673 1079,673 1080,672 1084,672" />
        <TextEquiv>
          <Unicode>of Revelation.</Unicode>
        </TextEquiv>
      </TextLine>
      <TextLine id="7102">
        <Coords points="1935,898 1941,904 2207,904 2234,931 2277,931 2278,932 2279,932 2279,935 2275,939 2275,940 2273,942 2273,944 2269,948 2269,949 2268,950 2268,951 2266,953 2265,953 2264,954 2264,955 2263,956 2263,957 2262,957 2260,959 2260,960 2259,961 2259,962 2252,969 2252,970 2251,971 2250,971 2247,974 2247,975 2244,978 2244,979 2242,981 2235,981 2234,982 2234,989 2231,992 2226,992 2225,993 2225,998 2223,1000 2223,1001 2219,1005 2219,1006 2218,1007 2217,1007 2216,1008 2216,1009 2210,1015 2209,1015 2207,1017 2207,1019 2205,1021 2204,1021 2196,1029 2195,1029 2194,1030 1763,1030 1760,1033 1754,1033 1726,1061 1724,1061 1722,1063 1721,1063 1718,1066 1597,1066 1594,1069 1198,1069 1147,1120 1146,1119 1145,1119 1143,1117 1141,1117 1135,1111 1134,1111 1045,1022 887,1022 886,1021 847,1021 845,1019 845,975 837,967 837,964 838,963 838,961 839,960 839,958 840,957 840,956 872,956 874,954 875,954 876,953 877,953 879,951 880,951 881,950 882,950 885,947 886,947 887,946 889,946 890,945 891,945 892,944 894,944 895,943 896,943 897,942 899,942 900,941 902,941 903,940 905,940 906,939 910,939 911,938 913,938 914,937 917,937 918,936 919,936 920,935 922,935 923,934 925,934 926,933 927,933 928,932 929,932 930,931 1295,931 1300,926 1301,926 1311,916 1914,916 1931,899 1934,899" />
        <TextEquiv>
          <Unicode>"The divine Providence (says our Author)</Unicode>
        </TextEquiv>
      </TextLine>
      <TextLine id="7103">
        <Coords points="1606,1124 1607,1124 1608,1125 1609,1125 1611,1127 1613,1127 1614,1128 1819,1128 1845,1154 2257,1154 2258,1155 2258,1156 2259,1157 2259,1177 2260,1178 2260,1179 2259,1179 2255,1183 2255,1185 2254,1186 2254,1188 2251,1191 2251,1192 2250,1193 2250,1195 2249,1196 2249,1295 2248,1296 1785,1296 1783,1298 1160,1298 1129,1329 1128,1329 1119,1338 1115,1338 1114,1339 1112,1339 1039,1266 847,1266 846,1265 846,1264 850,1260 850,1215 851,1214 851,1213 852,1212 852,1210 853,1209 853,1208 854,1207 854,1206 855,1205 855,1204 856,1204 857,1203 882,1203 948,1137 1096,1137 1108,1125 1605,1125" />
        <TextEquiv>
          <Unicode>"has been pleased at sundry times, and</Unicode>
        </TextEquiv>
      </TextLine>
      <TextLine id="7104">
        <Coords points="2226,1361 2227,1361 2228,1362 2228,1428 2229,1429 2270,1429 2270,1430 2271,1431 2271,1435 2272,1436 2272,1526 2273,1527 2291,1527 2292,1528 2293,1528 2293,1529 2294,1530 2294,1532 1845,1532 1841,1536 1839,1536 1838,1537 1720,1537 1679,1578 1238,1578 1236,1580 1125,1580 1115,1590 1114,1590 1103,1579 904,1579 901,1576 810,1573 785,1494 815,1473 885,1403 886,1403 887,1402 888,1402 889,1401 899,1401 902,1398 978,1398 985,1391 1767,1391 1770,1388 1771,1388 1773,1386 1774,1386 1775,1385 2027,1385 2036,1376 2037,1376 2041,1372 2042,1372 2044,1370 2045,1370 2046,1369 2048,1369 2049,1368 2218,1368 2224,1362 2225,1362" />
        <TextEquiv>
          <Unicode>"in divers manners to enforce it's laws(</Unicode>
        </TextEquiv>
      </TextLine>
      <TextLine id="7105">
        <Coords points="1680,1581 2248,1581 2250,1583 2250,1584 2251,1585 2251,1586 2253,1588 2253,1611 2254,1612 2297,1612 2298,1613 2299,1613 2300,1614 2301,1614 2301,1616 2300,1617 2297,1617 2296,1618 2275,1618 2274,1619 2274,1651 2272,1653 2271,1653 2269,1655 2268,1655 2265,1658 2264,1658 2261,1661 2261,1662 2260,1662 2259,1663 2257,1663 2255,1665 2253,1665 2252,1666 2252,1667 2250,1669 2249,1669 2245,1673 2244,1673 2241,1676 2240,1676 2239,1677 2238,1677 2237,1678 2236,1678 2235,1679 2183,1679 2182,1680 2180,1680 2179,1681 2178,1681 2177,1682 2023,1682 2021,1684 2020,1684 2019,1685 2017,1685 2016,1686 1959,1686 1958,1687 1928,1687 1927,1688 1926,1688 1924,1690 1808,1690 1807,1691 1806,1691 1805,1692 1804,1692 1803,1693 1793,1693 1716,1770 1567,1770 1549,1788 1548,1788 1547,1789 832,1789 795,1826 794,1825 793,1825 786,1818 786,1800 788,1800 845,1743 845,1691 846,1690 846,1688 847,1687 847,1686 848,1685 848,1684 849,1683 849,1682 851,1680 851,1679 852,1678 863,1678 903,1638 904,1638 905,1637 1128,1637 1182,1583 1677,1583 1678,1582 1679,1582" />
        <TextEquiv>
          <Unicode>"(that is what he had before called the laws</Unicode>
        </TextEquiv>
      </TextLine>
      <TextLine id="7106">
        <Coords points="1225,1841 1226,1841 1247,1862 2083,1862 2096,1875 2219,1875 2221,1877 2221,1885 2230,1894 2230,1897 2229,1898 2228,1898 2227,1899 2227,1900 2223,1904 2223,1905 2219,1909 2216,1909 2215,1910 2211,1910 2210,1911 2201,1911 2200,1912 2199,1912 2198,1913 2197,1913 2193,1917 2193,1918 2188,1923 2187,1923 2186,1924 2071,1924 2070,1925 2027,1925 2026,1926 2025,1926 2024,1927 2023,1927 2022,1928 1953,1928 1952,1929 1951,1929 1950,1930 1920,1930 1898,1952 1821,1952 1819,1954 1286,1954 1274,1966 1273,1966 1272,1967 1271,1967 1261,1977 1260,1977 1259,1978 1258,1978 1256,1980 1235,1980 1220,1995 1145,1995 1119,2021 1118,2021 1117,2022 1116,2022 1115,2023 1114,2023 1111,2020 833,2020 831,2018 831,1933 828,1930 828,1920 829,1919 829,1917 830,1916 830,1915 832,1913 870,1913 871,1912 890,1912 911,1891 912,1891 913,1890 1174,1890 1222,1842 1224,1842" />
        <TextEquiv>
          <Unicode>"of nature) by an immediate, and direct</Unicode>
        </TextEquiv>
      </TextLine>
      <TextLine id="7107">
        <Coords points="1328,2082 1338,2047 1412,2041 1411,2071 1380,2091 1331,2094" />
        <TextEquiv>
          <Unicode>#</Unicode>
        </TextEquiv>
      </TextLine>
      <TextLine id="7108">
        <Coords points="2194,2079 2195,2080 2196,2080 2222,2106 2269,2106 2270,2107 2270,2110 2269,2111 2269,2112 2268,2113 2268,2115 2261,2122 2259,2122 2258,2123 2258,2137 2257,2137 2255,2139 2184,2139 2177,2146 1938,2146 1936,2148 1935,2148 1934,2149 1933,2149 1932,2150 1885,2150 1884,2151 1882,2151 1881,2152 1880,2152 1879,2153 1707,2153 1706,2154 1572,2154 1570,2156 1569,2156 1568,2157 1487,2157 1480,2164 1479,2164 1478,2165 1229,2165 1228,2166 1052,2166 1049,2169 1026,2169 1025,2170 949,2170 947,2172 944,2172 943,2171 911,2171 907,2167 867,2167 854,2154 845,2154 840,2149 839,2149 836,2146 836,2145 835,2144 835,2143 834,2142 834,2141 835,2140 869,2140 876,2133 877,2133 878,2132 995,2132 1013,2114 1014,2114 1020,2108 1021,2108 1024,2105 1272,2105 1273,2104 1274,2104 1275,2103 1276,2103 1279,2100 1280,2100 1282,2098 1283,2098 1285,2096 1286,2096 1287,2095 1314,2095 1361,2094 1445,2071" />
        <TextEquiv>
          <Unicode>"revelation. "The Doctrines thus delivered, we</Unicode>
        </TextEquiv>
      </TextLine>
      <TextLine id="7109">
        <Coords points="1796,2300 1797,2301 1798,2301 1804,2307 2125,2307 2163,2345 2278,2345 2280,2347 2280,2350 2279,2351 2279,2352 2278,2353 2278,2366 2275,2366 2274,2367 2272,2367 2271,2368 2266,2368 2265,2369 2262,2369 2261,2370 2260,2370 2259,2371 2258,2371 2257,2372 2256,2372 2255,2373 2254,2373 2253,2374 2224,2374 2223,2375 2221,2375 2220,2376 2201,2376 2200,2377 2167,2377 2157,2387 2154,2387 2152,2389 2151,2389 2144,2396 2143,2396 2138,2401 2137,2401 2135,2403 2134,2403 2133,2404 2132,2404 2130,2406 2129,2406 2128,2407 2127,2407 2125,2409 2123,2409 2122,2410 2119,2410 2118,2411 2117,2411 2116,2412 2112,2412 2111,2413 2107,2413 2106,2414 2098,2414 2097,2413 2096,2413 2095,2412 2092,2412 2091,2411 2089,2411 2087,2409 2086,2409 2077,2400 1009,2400 1005,2396 864,2396 863,2395 860,2395 849,2384 845,2384 844,2383 835,2383 834,2382 834,2379 835,2378 835,2376 836,2375 836,2374 837,2373 837,2371 838,2370 838,2369 840,2367 840,2366 841,2365 843,2365 844,2364 879,2364 880,2363 881,2363 882,2362 918,2362 960,2320 1772,2320 1774,2318 1775,2318 1786,2307 1787,2307 1790,2304 1791,2304 1794,2301 1795,2301" />
        <TextEquiv>
          <Unicode>"call the revealed, or divine law, and they are</Unicode>
        </TextEquiv>
      </TextLine>
      <TextLine id="7110">
        <Coords points="1353,2485 1354,2485 1355,2486 1355,2488 1357,2490 1672,2490 1673,2491 1676,2491 1678,2493 1679,2493 1684,2498 1987,2498 1988,2499 2174,2499 2175,2500 2182,2500 2216,2534 2229,2534 2234,2539 2251,2539 2253,2541 2253,2548 2282,2577 2282,2579 2280,2581 2280,2584 2277,2587 2277,2597 2276,2598 2265,2598 2264,2599 2247,2599 2244,2602 2242,2602 2241,2603 1961,2603 1959,2605 1935,2605 1934,2606 1932,2606 1931,2607 1920,2607 1867,2660 1866,2660 1864,2662 1736,2662 1710,2688 1283,2688 1237,2734 1235,2734 1233,2736 1130,2736 1129,2735 1075,2735 1072,2732 973,2732 971,2730 968,2730 953,2715 945,2715 814,2612 909,2569 910,2569 911,2568 972,2568 974,2566 976,2566 977,2565 978,2565 979,2564 1050,2564 1053,2561 1054,2561 1055,2560 1058,2560 1059,2559 1276,2559 1348,2487 1351,2487" />
        <TextEquiv>
          <Unicode>"to be found only in the holy scriptures. These</Unicode>
        </TextEquiv>
      </TextLine>
      <TextLine id="7111">
        <Coords points="1277,2728 1278,2728 1281,2731 1302,2731 1303,2732 1304,2732 1305,2733 1306,2733 1314,2741 1565,2741 1567,2743 1604,2743 1610,2749 1722,2749 1723,2750 1736,2750 1738,2752 1744,2752 1746,2754 1749,2754 1750,2755 1753,2755 1754,2756 1755,2756 1795,2796 2024,2796 2048,2820 2292,2801 2227,2941 2226,2942 2226,2944 2223,2947 2222,2947 2219,2950 2218,2949 2216,2949 2215,2948 2184,2948 2183,2947 2170,2947 2169,2946 1732,2946 1730,2944 1503,2944 1502,2943 816,2943 815,2942 815,2940 820,2935 820,2934 825,2929 825,2928 831,2922 831,2867 832,2866 832,2864 834,2862 834,2859 835,2858 835,2857 836,2856 838,2856 839,2855 862,2855 897,2820 898,2820 902,2816 1081,2816 1083,2814 1186,2814 1268,2732 1269,2732 1270,2731 1274,2731" />
        <TextEquiv>
          <Unicode>"precepts, when revealed, are found upon com=足</Unicode>
        </TextEquiv>
      </TextLine>
      <TextLine id="7112">
        <Coords points="2038,2963 2039,2963 2095,3019 2112,3019 2116,3023 2117,3023 2133,3039 2239,3039 2241,3041 2241,3044 2240,3045 2240,3068 2239,3069 2239,3070 2238,3071 2238,3072 2236,3074 2235,3074 2234,3075 2234,3076 2232,3078 2231,3078 2228,3081 2227,3081 2226,3082 2225,3082 2224,3083 2222,3083 2221,3084 2220,3084 2219,3085 2218,3085 2217,3086 2216,3086 2215,3087 2187,3087 2186,3088 2166,3088 2165,3089 2164,3089 2163,3090 2107,3090 2105,3092 2104,3092 2103,3093 2101,3093 2100,3094 2099,3094 2098,3095 2053,3095 2024,3124 2023,3124 2009,3138 2008,3138 1999,3147 1998,3147 1989,3156 1988,3156 1987,3157 1986,3157 1985,3158 1744,3158 1743,3159 1738,3159 1737,3160 1736,3160 1735,3161 1734,3161 1730,3165 1561,3165 1513,3213 845,3213 844,3214 843,3214 842,3213 841,3213 840,3212 819,3212 818,3211 817,3211 817,3189 809,3181 810,3180 810,3179 811,3178 811,3177 826,3162 826,3094 827,3093 827,3090 828,3089 828,3087 829,3086 829,3084 840,3073 840,3006 841,3005 842,3005 843,3004 848,3004 850,3002 1999,3002" />
        <TextEquiv>
          <Unicode>"足parison, to be really a part of the original</Unicode>
        </TextEquiv>
      </TextLine>
      <TextLine id="7113">
        <Coords points="1505,3220 1506,3221 1507,3221 1508,3222 1510,3222 1511,3223 1526,3223 1572,3269 2063,3269 2074,3280 2121,3280 2151,3310 2179,3310 2181,3312 2243,3312 2245,3314 2245,3318 2266,3339 2265,3340 2261,3340 2260,3341 2253,3341 2252,3342 2173,3342 2172,3343 1965,3343 1961,3347 1858,3347 1857,3348 1788,3348 1782,3354 1781,3354 1780,3355 1583,3355 1582,3356 1540,3356 1530,3366 1529,3366 1521,3374 1520,3374 1517,3377 1516,3377 1514,3379 1512,3379 1510,3381 1509,3381 1505,3385 1504,3385 1502,3387 1497,3387 1496,3388 1495,3388 1494,3389 1493,3389 1492,3390 1491,3390 1490,3391 1485,3391 1484,3392 1295,3392 983,3425 918,3360 824,3360 823,3359 823,3358 822,3357 822,3356 821,3355 821,3354 819,3352 819,3350 820,3350 826,3344 826,3331 827,3330 827,3329 828,3328 828,3327 831,3324 859,3324 906,3277 907,3277 908,3276 910,3276 911,3275 1125,3275 1172,3228 1174,3228 1179,3223 1502,3223" />
        <TextEquiv>
          <Unicode>"law of nature, as they tend in all their con=足</Unicode>
        </TextEquiv>
      </TextLine>
      <TextLine id="7114">
        <Coords points="1274,3527 2085,3527 2101,3543 2172,3543 2174,3545 2174,3568 2205,3599 2205,3600 2206,3601 2206,3604 2205,3605 2205,3606 2204,3606 2203,3607 2200,3607 2199,3608 2097,3608 2096,3609 2094,3609 2093,3610 2090,3610 2089,3611 1933,3611 1932,3612 1900,3612 1899,3613 1898,3613 1897,3614 1895,3614 1894,3615 1893,3615 1892,3616 1890,3616 1889,3617 1801,3617 1789,3629 1788,3629 1787,3630 1784,3630 1765,3649 1764,3649 1763,3650 1746,3650 1739,3657 1738,3657 1737,3658 1549,3658 1533,3674 1532,3674 1531,3675 1530,3675 1525,3680 1524,3680 1521,3683 1196,3683 1187,3692 886,3692 885,3693 884,3693 882,3695 881,3695 880,3696 879,3696 878,3697 875,3697 874,3696 873,3696 872,3695 872,3643 827,3598 827,3594 826,3593 826,3589 828,3587 877,3587 880,3584 881,3584 882,3583 1095,3583" />
        <TextEquiv>
          <Unicode>"足sequences to man's felicity." He had</Unicode>
        </TextEquiv>
      </TextLine>
      <TextLine id="7115">
        <Coords points="2090,3666 2090,3667 2091,3667 2091,3668 2092,3668 2092,3686 2127,3686 2127,3700 2181,3700 2181,3701 2182,3701 2182,3716 2190,3716 2190,3717 2191,3717 2191,3718 2194,3718 2194,3719 2196,3719 2196,3720 2199,3720 2199,3721 2201,3721 2201,3722 2202,3722 2202,3723 2203,3723 2203,3724 2204,3724 2204,3725 2205,3725 2205,3726 2206,3726 2206,3728 2205,3728 2205,3730 2139,3730 2139,3731 2138,3731 2138,3732 2137,3732 2137,3733 2136,3733 2136,3734 2117,3734 2117,3735 2115,3735 2115,3736 2114,3736 2114,3737 2113,3737 2113,3738 2096,3738 2096,3740 2095,3740 2095,3742 2094,3742 2094,3746 2093,3746 2093,3749 2092,3749 2092,3751 2090,3751 2090,3753 2089,3753 2089,3755 2088,3755 2088,3756 2087,3756 2087,3757 2086,3757 2086,3758 2083,3758 2083,3763 2082,3763 2082,3765 2081,3765 2081,3767 2080,3767 2080,3769 2079,3769 2079,3771 2078,3771 2078,3773 2077,3773 2077,3774 2075,3774 2075,3775 2074,3775 2074,3778 2073,3778 2073,3779 2072,3779 2072,3780 2071,3780 2071,3781 2069,3781 2069,3782 2068,3782 2068,3787 2067,3787 2067,3788 2066,3788 2066,3789 2064,3789 2064,3790 2062,3790 2062,3792 2061,3792 2061,3793 2045,3793 2045,3794 2041,3794 2041,3746 2028,3746 2028,3745 2026,3745 2026,3744 2025,3744 2025,3743 2024,3743 2024,3726 2020,3726 2020,3725 2018,3725 2018,3723 2019,3723 2019,3722 2020,3722 2020,3721 2025,3721 2025,3716 2026,3716 2026,3715 2041,3715 2041,3714 2042,3714 2042,3713 2045,3713 2045,3712 2046,3712 2046,3711 2047,3711 2047,3710 2048,3710 2048,3707 2049,3707 2049,3704 2050,3704 2050,3702 2051,3702 2051,3700 2053,3700 2053,3699 2054,3699 2054,3698 2055,3698 2055,3696 2057,3696 2057,3695 2058,3695 2058,3694 2059,3694 2059,3692 2060,3692 2060,3691 2061,3691 2061,3690 2062,3690 2062,3688 2063,3688 2063,3687 2064,3687 2064,3686 2065,3686 2065,3685 2066,3685 2066,3684 2067,3684 2067,3683 2068,3683 2068,3681 2069,3681 2069,3680 2071,3680 2071,3679 2072,3679 2072,3678 2073,3678 2073,3677 2074,3677 2074,3676 2075,3676 2075,3675 2076,3675 2076,3674 2078,3674 2078,3672 2079,3672 2079,3671 2080,3671 2080,3670 2082,3670 2082,3669 2084,3669 2084,3668 2085,3668 2085,3667 2086,3667 2086,3666" />
        <TextEquiv>
          <Unicode>before</Unicode>
        </TextEquiv>
      </TextLine>
      <TextLine id="7116">
        <Coords points="1814,3795 1814,3796 1815,3796 1815,3797 1816,3797 1816,3807 1833,3807 1833,3808 1834,3808 1834,3810 1936,3810 1936,3809 1937,3809 1937,3808 1939,3808 1939,3807 1940,3807 1940,3806 1942,3806 1942,3805 1943,3805 1943,3804 1945,3804 1945,3803 1947,3803 1947,3802 1949,3802 1949,3801 1952,3801 1952,3800 1953,3800 1953,3799 2040,3799 2040,3796 2041,3796 2041,3795 2058,3795 2058,3837 2077,3837 2077,3838 2076,3838 2076,3839 2071,3839 2071,3841 2064,3841 2064,3842 2062,3842 2062,3843 2056,3843 2056,3844 2054,3844 2054,3845 2048,3845 2048,3846 2043,3846 2043,3847 2039,3847 2039,3848 2038,3848 2038,3849 2036,3849 2036,3850 2027,3850 2027,3851 1940,3851 1940,3852 1894,3852 1894,3853 1893,3853 1893,3855 1891,3855 1891,3856 1859,3856 1859,3880 1858,3880 1858,3881 1855,3881 1855,3859 1753,3859 1753,3860 1751,3860 1751,3861 1750,3861 1750,3862 1749,3862 1749,3863 1747,3863 1747,3864 1744,3864 1744,3862 1743,3862 1743,3861 1744,3861 1744,3859 1745,3859 1745,3858 1746,3858 1746,3855 1747,3855 1747,3854 1748,3854 1748,3853 1750,3853 1750,3851 1751,3851 1751,3850 1754,3850 1754,3848 1755,3848 1755,3847 1756,3847 1756,3846 1757,3846 1757,3844 1758,3844 1758,3843 1760,3843 1760,3842 1761,3842 1761,3841 1762,3841 1762,3840 1765,3840 1765,3839 1767,3839 1767,3838 1768,3838 1768,3837 1769,3837 1769,3836 1771,3836 1771,3835 1772,3835 1772,3834 1773,3834 1773,3833 1774,3833 1774,3832 1776,3832 1776,3820 1777,3820 1777,3815 1778,3815 1778,3813 1779,3813 1779,3810 1782,3810 1782,3809 1784,3809 1784,3808 1786,3808 1786,3807 1788,3807 1788,3806 1789,3806 1789,3805 1792,3805 1792,3804 1796,3804 1796,3803 1798,3803 1798,3802 1803,3802 1803,3801 1804,3801 1804,3800 1805,3800 1805,3799 1806,3799 1806,3798 1808,3798 1808,3797 1809,3797 1809,3796 1810,3796 1810,3795" />
        <TextEquiv>
          <Unicode>He had</Unicode>
        </TextEquiv>
      </TextLine>
      <TextLine id="7117">
        <Coords points="1263,3822 1263,3823 1277,3823 1277,3824 1285,3824 1285,3825 1290,3825 1290,3826 1295,3826 1295,3827 1297,3827 1297,3828 1299,3828 1299,3829 1304,3829 1304,3830 1306,3830 1306,3831 1308,3831 1308,3832 1310,3832 1310,3833 1312,3833 1312,3834 1315,3834 1315,3835 1317,3835 1317,3836 1320,3836 1320,3837 1321,3837 1321,3838 1322,3838 1322,3839 1323,3839 1323,3840 1324,3840 1324,3842 1325,3842 1325,3843 1326,3843 1326,3844 1327,3844 1327,3846 1328,3846 1328,3848 1329,3848 1329,3852 1330,3852 1330,3857 1331,3857 1331,3913 1379,3913 1379,3914 1378,3914 1378,3915 1362,3915 1362,3937 1332,3937 1332,3947 1331,3947 1331,3946 1330,3946 1330,3943 1321,3943 1321,3942 1320,3942 1320,3923 1202,3923 1202,3925 1201,3925 1201,3927 1200,3927 1200,3929 1199,3929 1199,3930 1198,3930 1198,3931 1197,3931 1197,3932 1196,3932 1196,3933 1195,3933 1195,3934 1194,3934 1194,3935 1193,3935 1193,3936 1191,3936 1191,3938 1190,3938 1190,3939 1189,3939 1189,3940 1187,3940 1187,3941 1184,3941 1184,3943 1181,3943 1181,3944 1178,3944 1178,3945 1173,3945 1173,3946 1125,3946 1125,3947 1123,3947 1123,3948 1121,3948 1121,3949 1119,3949 1119,3950 1113,3950 1113,3951 1112,3951 1112,3950 1107,3950 1107,3949 1103,3949 1103,3948 1102,3948 1102,3947 1101,3947 1101,3914 1056,3914 1056,3913 1055,3913 1055,3909 1054,3909 1054,3907 1055,3907 1055,3905 1056,3905 1056,3903 1057,3903 1057,3901 1058,3901 1058,3899 1059,3899 1059,3897 1061,3897 1061,3896 1062,3896 1062,3894 1063,3894 1063,3893 1064,3893 1064,3891 1065,3891 1065,3890 1066,3890 1066,3889 1067,3889 1067,3888 1068,3888 1068,3887 1069,3887 1069,3886 1070,3886 1070,3885 1071,3885 1071,3884 1072,3884 1072,3883 1074,3883 1074,3882 1075,3882 1075,3881 1077,3881 1077,3880 1078,3880 1078,3879 1080,3879 1080,3878 1081,3878 1081,3876 1082,3876 1082,3875 1085,3875 1085,3874 1094,3874 1094,3869 1097,3869 1097,3866 1098,3866 1098,3865 1100,3865 1100,3864 1101,3864 1101,3863 1106,3863 1106,3861 1108,3861 1108,3860 1110,3860 1110,3859 1112,3859 1112,3858 1113,3858 1113,3857 1114,3857 1114,3856 1116,3856 1116,3855 1118,3855 1118,3854 1121,3854 1121,3853 1124,3853 1124,3852 1125,3852 1125,3851 1127,3851 1127,3850 1132,3850 1132,3849 1133,3849 1133,3848 1134,3848 1134,3847 1140,3847 1140,3846 1141,3846 1141,3845 1145,3845 1145,3844 1146,3844 1146,3843 1150,3843 1150,3842 1152,3842 1152,3841 1155,3841 1155,3840 1156,3840 1156,3839 1162,3839 1162,3838 1165,3838 1165,3837 1173,3837 1173,3836 1174,3836 1174,3835 1176,3835 1176,3834 1180,3834 1180,3833 1183,3833 1183,3832 1186,3832 1186,3831 1187,3831 1187,3830 1194,3830 1194,3829 1196,3829 1196,3828 1203,3828 1203,3827 1209,3827 1209,3826 1215,3826 1215,3825 1223,3825 1223,3824 1234,3824 1234,3823 1258,3823 1258,3822" />
        <TextEquiv>
          <Unicode>36)</Unicode>
        </TextEquiv>
      </TextLine>
      <TextLine id="7118">
        <Coords points="2170,3850 2207,3850 2207,3891 2282,3891 2282,3892 2285,3892 2285,3894 2286,3894 2286,3900 2285,3900 2285,3901 2282,3901 2282,3905 2280,3905 2280,3906 2278,3906 2278,3907 2277,3907 2277,3908 2276,3908 2276,3909 2275,3909 2275,3910 2272,3910 2272,3911 2270,3911 2270,3912 2268,3912 2268,3913 2266,3913 2266,3914 2264,3914 2264,3915 2260,3915 2260,3916 2259,3916 2259,3917 2247,3917 2247,3918 2245,3918 2245,3919 2180,3919 2180,3920 2179,3920 2179,3921 2178,3921 2178,3922 2177,3922 2177,3923 2176,3923 2176,3924 2147,3924 2147,3925 2146,3925 2146,3926 2145,3926 2145,3927 2144,3927 2144,3928 2143,3928 2143,3929 2142,3929 2142,3930 2139,3930 2139,3931 2138,3931 2138,3932 2136,3932 2136,3933 2102,3933 2102,3936 2101,3936 2101,3939 2100,3939 2100,3941 2099,3941 2099,3942 2098,3942 2098,3944 2097,3944 2097,3945 2095,3945 2095,3947 2094,3947 2094,3948 2093,3948 2093,3950 2092,3950 2092,3952 2090,3952 2090,3953 2089,3953 2089,3955 2088,3955 2088,3957 2087,3957 2087,3958 2086,3958 2086,3960 2085,3960 2085,3961 2084,3961 2084,3962 2083,3962 2083,3963 2080,3963 2080,3964 2079,3964 2079,3966 2077,3966 2077,3967 2073,3967 2073,3966 2072,3966 2072,3924 2045,3924 2045,3923 2043,3923 2043,3920 2044,3920 2044,3919 2045,3919 2045,3917 2047,3917 2047,3916 2048,3916 2048,3915 2050,3915 2050,3913 2051,3913 2051,3912 2052,3912 2052,3910 2053,3910 2053,3909 2054,3909 2054,3904 2055,3904 2055,3903 2057,3903 2057,3902 2061,3902 2061,3901 2062,3901 2062,3898 2063,3898 2063,3897 2065,3897 2065,3896 2067,3896 2067,3895 2068,3895 2068,3894 2069,3894 2069,3893 2070,3893 2070,3892 2072,3892 2072,3891 2073,3891 2073,3890 2074,3890 2074,3889 2075,3889 2075,3888 2076,3888 2076,3887 2077,3887 2077,3886 2078,3886 2078,3885 2079,3885 2079,3884 2080,3884 2080,3883 2081,3883 2081,3882 2082,3882 2082,3880 2083,3880 2083,3879 2085,3879 2085,3878 2086,3878 2086,3876 2087,3876 2087,3875 2089,3875 2089,3874 2090,3874 2090,3873 2091,3873 2091,3872 2092,3872 2092,3871 2093,3871 2093,3870 2094,3870 2094,3869 2096,3869 2096,3868 2097,3868 2097,3866 2098,3866 2098,3865 2099,3865 2099,3863 2100,3863 2100,3862 2101,3862 2101,3861 2103,3861 2103,3860 2104,3860 2104,3859 2105,3859 2105,3858 2106,3858 2106,3857 2107,3857 2107,3855 2109,3855 2109,3854 2110,3854 2110,3853 2111,3853 2111,3852 2113,3852 2113,3851 2115,3851 2115,3850 2116,3850 2116,3849 2117,3849 2117,3848 2118,3848 2118,3847 2119,3847 2119,3846 2122,3846 2122,3845 2124,3845 2124,3844 2126,3844 2126,3843 2170,3843 2170,3829" />
        <TextEquiv>
          <Unicode>before</Unicode>
        </TextEquiv>
      </TextLine>
    </TextRegion>
  </Page>
</PcGts>