2731 4096
916 358 2333 549 Author has laid down his definition should
920 615 2301 797 seem to be the case, then it must follow,
881 909 2265 1082 that every man is to judge for himself, in
902 1175 2323 1307 what cases he is to obey the law, and in what
908 1433 2272 1579 cases he may dispense with his obedience.
887 1694 2303 1890 And therefore it would follow, that the Legis足
885 1942 2332 2113 足=lature has not, in any case, a right of en=足
858 2180 2395 2336 足forcing obedience to it's resolutions. "Obedience
812 2339 2435 2546 "(as our Author observes in another place) is
865 2495 2308 2661 "an empty name if every individual has
820 2595 2297 2842 "a right to decide how far he himself
838 2732 1420 2969 "shall obey." _
1355 3840 1606 3961 110
