2731 4096
908 173 2430 304 what will make him happy in a State of
910 253 2602 414 of Nature, as against the principle of Society.
908 328 2459 436 Society the object of happiness becomes more
895 389 2583 495 He considers his own happiness alone as if he
893 467 2595 563 complicated and the great art of a le the legisla­
881 528 2526 614 stood in an individual unconnected
867 587 2530 673 ­=tor consists in reconciling individual with
883 638 2608 797 State & forgets that a State of Society arguing
918 708 1161 755 social
875 714 2495 820 individual happiness. As laws approach nearer to
869 787 2597 904 that the happiness of others is to be consulted as
877 873 2565 1008 or recede farther from this object they are more or
887 944 1514 1048 well as our own.
1595 965 2102 1046 ridiculous call
891 1010 2589 1120 less perfect. But it is absurd ridiculous to say that this or that
883 1097 2597 1216 As to the Law of Revelation we have proved that
893 1165 2536 1271 particular law, a law of nature, & then to set it
900 1230 2581 1367 it is so far from being the foundation of
889 1318 2600 1426 up as the criterion by which to judge of municipal
889 1377 2597 1479 municipal Law, that it derives it's own
897 1446 2548 1546 Law: For it is in fact municipal Law which is to
877 1518 2589 1663 force & existence in Society from munici­
904 1600 2577 1724 judge whether any particular action is good
881 1653 1283 1775 ­pal Law.
887 1730 2548 1842 or bad: since it is municipal Law which
2479 1773 2579 1851 is
879 1822 2595 1938 by determining the relation one member of society is to­
897 1879 2575 1997 to determine whether any given Law will
919 1973 2599 2153 be conducive to individual or social happiness.
922 2111 2489 2271 Theft would be productive of much misery
926 2239 2421 2359 in England: & would have produced no
943 2336 2520 2506 misery in Sparta. In the one therefore it
932 2484 2528 2590 would be a crime, in the other it was a
939 2613 1981 2753 matter of indifference.
944 2793 2554 2928 As to the Law of Revelation we have proved
920 2930 2460 3093 that so far from being the foundation
943 3084 2572 3238 of municipal Law, that it derives it's own
1206 3181 1587 3251 reception
936 3207 2557 3352 force & existence in Society from munici­
934 3358 1269 3482 ­:pal Law.
1510 3412 2165 3528 inconsequence is
955 3483 2473 3619 Our Author's next absurdity was talking of
956 3628 2465 3769 a Law of Nations. That, as well as the
934 3713 2539 3871 Law of Nature is a meer Creature of the
1566 3833 2471 3973 2472 brain
