2731 4096
1658 339 2210 439 had he
900 395 2289 581 himself had no sooner laid it down,
885 518 2291 664 He did not understand it himself.
1152 610 1485 706 himself
831 654 2354 800 than he either shewed that he did not un足
862 812 2337 933 no sooner has he laid it down, than
843 914 2354 1079 足=derstand it, or if he did understand it, he
841 1035 2412 1200 he refutes it. Hear his own words: _
831 1154 2366 1347 immediately broke through it. For he says,
1410 1322 1779 1475 (says he)
795 1406 2368 1654 that This principle ( of human laws being bind=足
1900 1641 2191 1754 rights
852 1660 2306 1862 足ing upon conscience ) "holds, as to ranks and
869 1912 2301 2090 "that when the law has determined the field to
869 2185 2261 2350 "belong to Titius, it is matter of conscience, no
863 2448 2279 2630 "longer to withhold, or invade it:" And yet a few
786 2685 2323 2912 Lines afterwards, he says, "By the Statues for
841 3003 2276 3147 "preserving the game, a penalty is denounced
797 3220 2335 3443 "against every unquallified person that kills
852 3482 2343 3663 "a hare. Now this prohibitory law does not
2018 3625 2285 3737 make
1427 3754 1706 3900 100
