2731 4096
877 227 2567 382 divine & natural Law _ & therefore do in many
2112 330 2298 383 these
857 364 2567 553 instances allow & enjoin what the oth forbid.
841 485 2559 633 You have not surely been the so much the dupe
865 653 2600 792 of the meer technical learning of Westminster
859 785 2521 883 Hall: as to give us the word murder here in
905 879 1157 950 a meer
872 903 2586 1046 its present legal sense. If you have your
866 1035 2535 1188 argument is a notable one indeed And
2221 1133 2560 1177 under other
1704 1138 2522 1215 To kill a man without
864 1197 2453 1321 it will stand thus: In the time of Henry 1.
871 1280 2560 1389 circumstances or in a way it is less a not allowed
869 1337 2464 1485 the Divine Law said, you may kill Crime
853 1414 1712 1491 by the legislator supreme
868 1467 2536 1575 permission of the Magistrate is murder; and
875 1561 2555 1706 murther is forbidden by the divine Law: the
867 1676 1464 1738 supreme Legislator
859 1716 2571 1839 Magistrate cannot go contradict the divine
2073 1815 2559 1881 allow or enjoin
882 1851 2503 1949 Law: and therefore the cannot command
874 1935 1256 1988 us to commit
858 1978 2534 2104 murther; _ that is cannot allow or enjoin
891 2098 2508 2198 us to kill another, without allowing, or
1517 2180 2384 2262 Truly a very wonderful
890 2220 2569 2392 enjoining it. Do you not see, discovery!
897 2345 2554 2449 Do you notice, Sir, that the idea of murder
1805 2420 2414 2489 whatever that sense be,
898 2462 2573 2584 if you take it in the meer legal sense, is created,
899 2562 1184 2625 modified,
888 2596 2601 2725 changed, altered by the Human Laws? that in
1317 2701 2542 2759 no command
880 2737 2539 2876 this time the Human Law can possibly forbi it:
888 2857 2622 2949 because the moment the act is commanded
889 2980 2552 3098 it ceases to be murder. If you consider it
894 3122 2624 3260 meerly as taking away the life of another, you
888 3239 2529 3342 must know, that it is often commanded, and
904 3368 2535 3448 sometimes allowable: that when it shall, or
1866 3426 2594 3485 depends upon the legislature
901 3465 2606 3584 shall not be allowable does not depend
860 3535 2608 3637 & the legislature does not, & ought not to suppose it allowable
910 3582 2546 3703 upon the divine, or on your imaginary law
910 3678 1269 3716 allowed by
885 3658 2535 3762 because it is conformable to your divine law, or imaginary law
885 3716 2553 3826 of Nature: but as Dr Brown will tell you, on
877 3796 1609 3869 because in such cases it is
914 3817 2573 3971 it's being necessary or unnecessary to the public
2037 3887 2524 3994 and good
1553 3918 1888 4017 16)51)
