2731 4096
759 222 2641 423 Law, which is to be the foundation of all other Laws,
743 424 2664 621 proves at last to be no more than the deductions of
809 537 936 593 any
739 581 2597 768 every man's reason, or the dreams of any mans
744 709 969 883 fancy.
1906 839 2511 889 are eternal <gap/> &
1966 885 2454 925 immutable: the
771 862 2650 992 Not so, says our Author, "for they Creator has enabled
1818 968 1942 1053 them
732 999 2642 1150 "human reason to discover their eternal & immuta足
722 1161 2608 1387 "足=ble laws of good & evil so far as they are necessary
720 1329 2527 1469 "for the conduct of human actions." _ Indeed."
1448 1449 2137 1541 what are these eternal
753 1487 2646 1622 if we can discover them, we can, & immutable
742 1644 2641 1814 Laws,are, we do something more than ima=足
748 1813 2632 1965 足=gine what they are. Though our Author is
752 1985 2626 2160 apt to mistake his own fancies & imaginations,
1389 2072 1645 2115 to other men
1260 2089 2264 2183 yet imaginations & discoveries,
724 2127 2644 2310 for discoveries; they are very different things.
757 2316 2652 2485 But this power of discovering the eternal
743 2486 2597 2673 & immutable Law, was only given to Reason only
735 2636 2620 2812 when the Law of Nature was in favor with him.
752 2804 2517 2949 our Author. Presumably the Law of Revelation
1151 2883 1473 2960 upper hand
725 2961 2639 3113 gets the first place, & then the poor Law of
763 3114 2509 3255 of Nature is left to make itself known as
739 3296 2637 3465 it can _ "For we are not to imagine (says he
972 3381 2634 3545 [ _ (I do not know what it is our Author does not allow himself
727 3445 2647 3630 p. 42/ "that the knowlege of these truths" _ (where
757 3600 2637 3771 by truths he means precepts)" was attainable
1440 3787 2441 3976 19 by
