2731 4096
818 169 2406 301 he sees our Author so near stumbling upon
802 260 2396 363 truth, & then immediately flying off from
793 342 2341 523 in the following part of our author's introduction,
797 439 2330 608 it again, as if he felt horror at the sight
1131 545 1354 582 again
803 528 2268 635 of her: & at endorsing this only Criticism
788 581 2330 726 he sees this only true foundation of natural
815 719 1729 847 of Law & replunging into
804 804 2307 963 law, and indeed of all law in general, again
803 1018 2320 1191 abandoned to make way for, the unintelligible
800 1285 2411 1460 cant of false metaphysicks, and falser Theology
797 1512 2407 1675 logy at the same time the reader will
795 1744 2289 1871 Had he set out by reducing the law of nature
832 1858 2392 1953 observe, that no Law is produced here;
800 1933 2322 2114 to this paternal rule, that man should pursue
811 2077 2335 2218 nothing that has been promulgated;
793 2180 2272 2342 his own happiness: had he then determined
794 2291 2224 2431 nothing that has been notified.
785 2384 2318 2580 with precision the State of nature to be that
822 2539 2394 2663 Pursue your own happiness is not a paternal
758 2627 2223 2757 State, which is antecedent to our entrance
836 2736 1079 2812 present
827 2761 2299 2870 State as our Author so prettily calls it: but
788 2861 2288 3018 into Society, it would have been no difficult
809 3011 2338 3131 a principle imprest upon us by our creator,
783 3127 2341 3282 matter to have determined with equal preci
812 3267 2332 3353 & which whether in a state of Nature,
781 3356 2314 3509 sion, into how many subordinate rules this
803 3491 2404 3599 or in a state of Society constitutes our
773 3574 2326 3754 general rule, might have be branched out:
2077 3688 2201 3790 he
815 3761 2275 3869 all our obligation, that is supplies all
2183 3843 2366 3881 our
1338 3865 1518 3957 33)
