2731 4096
870 359 2267 552 language of both is the same: do this: avoid
1344 555 1622 640 or such
870 593 2289 754 that, and such good shall accrue to You: but
857 836 2289 1006 if You neglect to do the one, or avoid the other,
981 1028 1206 1100 or such
808 1063 2314 1214 such evil shall accrue to You. As the method
1706 1253 2172 1332 in this respect
872 1300 2225 1485 which all Legislators use is thus precisely
868 1534 2295 1660 the same, so the sensations they excite, must
871 1802 2296 1963 act precisely in the same manner upon us,
873 1979 2277 2216 however the effect they produce, may differ
874 2253 2316 2465 in it's force, or degree: and if Conscience has
852 2519 2298 2701 any thing to do in one instance, it must
870 2766 2279 2978 have precisely the same office in the other.
1496 2952 2353 3052 the law which is not
868 3026 2311 3247 And therefore again either no law is binding
1495 3189 2465 3321 is not binding at all.
829 3285 2187 3484 upon the Conscience, or every law is so.
853 3429 1385 3531 I do not know
885 3469 2322 3607 What our the Author means by that fanciful
765 3567 2541 3763 When our author says, that if we suppose
844 3655 2307 3863 notion of ensnaring our consciences by
1969 3741 2292 3838 human
1460 3829 1671 3971 96
2058 3841 2333 3950 the
