2731 4096
845 348 2277 569 "in consequence. For in this case, there
2006 532 2351 628 by the
869 602 2305 806 "are two parties: One represented, by the
879 846 2335 1042 "Sovereign, who insists upon the violation
873 1119 2335 1281 "of the contract; and the other is the person
876 1379 2265 1548 "accused, who denies it. It is necessary
882 1629 2288 1773 "then, that there should be a third person to
883 1901 2276 2066 "decide this contest; that is to say, a judge, or
873 2141 2307 2349 "magistrate, from whose determination there
1618 2345 2371 2448 and this determination
820 2397 2375 2604 "should be no appeal; and this determinati=­
822 2561 2365 2714 should consist of a simple affirmation or
840 2665 2344 2875 ­"on should consist of a simple affirmation,
879 2832 1597 2955 negation of fact.
879 2953 1668 3145 or negation of fact"
1028 3161 1163 3261 It
853 3188 2291 3357 [There should seem almost impossible
896 3455 2276 3655 that any case can be given where this
1744 3642 2242 3800 extraordinary
1218 3787 1563 3936 80
