2731 4096
1147 181 1983 282 Addenda Sect. VII <gap/>
974 360 2468 521 se, not from any intrinsic quality in the
1646 469 2519 564 not from any consequences
910 530 2539 714 actions themselves;- /a difficulty I am very
903 608 1703 716 arising from them;-
900 662 2528 889 glad we have got over/- but because they
887 817 2508 1025 are "mala prohibita". for he does not say,
931 962 2490 1128 that they are forbidden by the superior
918 1093 2493 1266 Laws because they are "mala in se": but
1658 1191 2037 1280 therefore
393 1221 2502 1433 they are mala in se because they are
871 1380 2196 1587 forbidden by the superior Laws.
1933 1532 2580 1624 divine or natural
792 1519 2537 1750 I. 3dly that prohibition in the superior courts,
1010 1662 2351 1755 generate & to the action forbidden
876 1692 2525 1866 does ^ communicate ^ a portion of malum
925 1839 2467 1989 inse equiponderant to the portion of
898 2015 2429 2187 prohibition; but that no quantity, of
880 2153 2462 2335 however great, of prohibition, emaning
862 2292 2533 2479 from human courts, can generate or
907 2473 2480 2621 communicate single a single atom of this same
883 2592 2499 2751 "malum in se" - For "they contract no
880 2757 2441 2946 "additional turpitude by being declared
886 2907 2517 3080 "unlawful by the inferior legislature - #
870 3056 2555 3191 [ First I say it follows that no human Legislature
934 3186 2411 3382 has power to a abridge or destroy our
908 3324 2455 3535 natural rights, such as Life, & Liberty.
1944 3457 2139 3526 all
903 3439 2551 3675 So that we may throw away our criminal
885 3598 2533 3805 & two thirds of our civil codes they are
1080 3707 1632 3791 abridgements
879 3712 2500 4001 both either of life, or liberty.
1506 3882 1768 4000 116
2114 3906 2348 4025 [ Our
