2731 4096
410 371 1795 559 mind <gap/> <gap/>, or other
422 533 1803 670 Sensation. And to whatever class the
1664 716 1769 798 or
405 718 1806 917 Sensation belongs, whether the selfish, the
583 922 955 1014 the moral
413 979 1812 1128 social, or the religious, it acts in one, and the
410 1231 1758 1404 same manner: all apply to that faculty, by
419 1459 1775 1638 which we judge of actions, and motives, and
424 1712 1763 1866 means: that is, all apply to the conscience.
845 1885 1471 2023 (then as we before said)
392 1952 1753 2133 [It follows, that all laws are binding
437 2201 1770 2338 upon the conscience, or not binding at all.
317 2443 1815 2583 [I for What does a man do when he prescribes
425 2696 1766 2787 a law to another? he endeavors to excite in
417 2925 1765 3077 the mind of that other such sensations as _
1102 3104 1440 3212 induce
419 3153 1799 3312 appear most likely to excite him to follow
421 3383 1761 3522 the Rule laid down by that law. This is _
410 3634 1706 3805 equally true of human, or divine law: the
1429 3748 1825 3906 language
959 3878 1263 4027 95
