2731 4096
852 202 2518 342 & yet till it is notified it wants one essential
798 351 1636 497 property of a Law. #
827 475 2469 600 as before our Author mistook the principles
2036 587 2516 663 as we have
800 600 2502 734 imprest upon matter for Laws, so here he has
800 740 2415 853 seen at the end of the second Section he
777 851 2534 1018 again mistook a principle imprest upon
797 994 1943 1121 man for a Law given to him.
1429 1093 1918 1171 inconsequence
821 1142 2434 1285 Our author's next absurdity is making the law
829 1278 2488 1389 of Nature, (which is a meer non entity, & the
1544 1363 1985 1442 foundation
802 1400 2509 1524 law of Revelation the groundwork of all munici­
806 1546 2476 1676 ­pal Law. The Law of Nature we have shewn
807 1698 2411 1804 to be a meer creature of the Brain. And As
1383 1775 2214 1869 of the desire of happiness
792 1841 2404 1947 to that principle which he mistakes for a
961 1931 2235 2002 it its certain ought to oppose it
801 1981 2404 2086 Law, no human Law given ever did, our
798 2059 2273 2167 Nor indeed did ever any human legislator propperly
1221 2115 1419 2154 mean to
810 2132 2559 2249 ever could ^ go against it. The greatest tyrant
806 2267 2428 2395 when he intones the most tyrannical Law,
815 2363 1996 2463 so far from opposing this principle
803 2434 2491 2527 as does not me it, applies to it: & demands obedi­
794 2557 2486 2702 ­:ence by proving that obedience will produce
803 2686 2545 2808 the greatest quantity of happiness: & if he cannot
792 2815 2547 2936 persuade a man to think so he is sure to be
1375 2902 2422 2973 In a state of nature this each
810 2960 2415 3063 disobeyed. _ He the Jackal, a tyrant does
761 3022 2477 3112 individual, unconnected with others: can easily discern
826 3087 2568 3172 But not so much offend against the principle
2072 3156 2491 3231 what of
1486 3278 1745 3337 Note
694 3340 2514 3431 # The intelligent reader will not consider this
795 3437 2439 3533 distinction between a Law & a principle as a
791 3561 2402 3649 mear dispute about words. Or if he does
783 3661 2539 3808 he will conclude with Dr Brown "that a history
779 3770 2423 3894 "of Logomachies well executed would be no unedi­
768 3869 1877 3989 ­"fying work." 2371
