2731 4096
277 131 1711 328 **<SUB>** Section VI.
889 440 2203 627 Our Author's account of municipal
858 690 1062 863 Law.
854 872 2444 1016 Municipal law (says our author) is a rule
682 1150 2239 1309 "of civil conduct prescribed by the supreme
800 1368 2297 1551 **<SUB>** "power in a State, commanding what is right,
824 1644 1845 1802 "and prohibiting what is wrong.
765 1868 2326 2074 [We shall follow our author step by step, through
853 2100 2336 2330 his explanation of the several properties of law,
902 2295 1508 2400 (to use his own words)
854 2367 2034 2525 as they arise out of this definition."
763 2577 2369 2794 ["And, first (says she) it is a rule, not a transient
781 2806 2363 3030 "sudden, order from a superior to, or concerning
853 3094 2330 3266 "a particular person, but something perma=­
851 3315 2344 3557 ­"nent, uniform, and universal." [Now, though
849 3594 2369 3785 I conceive, that whether the will of the legislator
2040 3724 2287 3857 have
1280 3830 1426 3941 74
