2731 4096
1624 326 1806 372 note
859 311 2358 525 "actions." [of his last assertion of our author
866 622 2398 810 should be carefully remembered: in the next
873 849 2327 1027 section we shall be obliged to <gap/>, and
862 1071 1413 1218 examine it.]
1371 1156 2512 1258 however indeed to feel somehow as if
863 1221 2599 1318 <gap/>He seems where felt that this power given
926 1298 2585 1384 of discovering these eternal & immutable laws
832 1331 2338 1437 Our Author acknowledges that the bare
886 1425 1785 1489 was not quite equivalent
813 1397 2613 1549 is by no means tantamount to a formal promul
866 1504 2620 1585 & therefore goes on to acknowledges that the
878 1561 2376 1710 capability of discovering these laws of nature
847 1791 2341 1966 "would have been insufficient without some
863 2049 2311 2216 inducement to quicken our enquiries after
875 2232 1040 2285 them:
859 2270 2354 2456 it and therefore "that the Creator, as a being of
856 2524 2254 2722 "infinite goodness, has been pleased so to
851 2788 2338 2964 "contrive the constitution, and frame of hu=
856 3050 2394 3205 :manity, that we should want no other Promp
790 3276 2323 3476 "=ter to enquire after, and pursue, the rule of
843 3537 2204 3726 "Right, but only our own self love." and
1938 3713 2282 3802 afterwards
1347 3857 1840 3955 8)31)
