2731 4096
237 371 1869 506 Remainder to any Assignee or Assignees of the said Samuel as a­
224 501 1817 621 ­foresaid , with an allowance annexed to the said office of not less
230 634 1873 754 than £12,000 a year payable quarterly clear of all taxes, fees,
216 758 1883 875 gratuities and other deductions whatsoever and with interest
232 879 1890 996 in case of arrear as aforesaid as also to appoint every such suc­
225 971 1885 1115 ­cessive Governor as aforesaid Feoffee of the said piece of ground
215 1048 1926 1160 to be purchased for the purposes of the said Statute of the <gap/> 7th
223 1106 1919 1223 whereon or on part whereof such Penitentiary House or Houses
229 1172 945 1273 of July 1794 as aforesaid :
227 1213 1859 1316 with the appurtenances shall be erected : provided that such
232 1339 1863 1446 allowance shall not begin to become due untill one year after the
1539 1434 1616 1495 in
235 1450 1866 1558 day when the said intended establishment shall be readiness to
236 1575 1827 1687 receive the said Convicts in pursuance to notice as aforesaid :
245 1685 1863 1804 the said allowance of £27,000 together with the supplemental
238 1818 1890 1922 allowance stipulated for as abovementioned , being intended to
235 1933 1882 2051 include all the charges attending the custody , maintenance and
240 2050 1860 2160 employment of the said original number of 1000 convicts in
232 2167 1889 2273 manner hereinafter mentioned , during the first year : except only
234 2285 1882 2386 the amount of the premiums for insurance herein after mentioned.
339 2402 1836 2519 Art.6. The said Jeremy Bentham and his Successors as
242 2530 1875 2637 abovementioned shall moreover be respectively allowed to employ
249 2635 1886 2743 the Prisoners for the proper benefit of them the said Governors ,
245 2747 1921 2833 to receive to themselves the whole produce and profit of their labour,
248 2860 1914 2966 and the same to retain , subject only to the allowances to be made
250 2977 1732 3091 to such Prisoners in manner herein after mentioned.
378 3100 1860 3203 Art.7. Each Prisoner shall be supplied every day with
251 3230 1835 3350 wholesome food , as much as he shall choose : but the quality in
252 3364 1922 3470 other respects is expressly reserved to the choice of the said Jeremy
250 3489 1885 3598 Bentham and his Successors as a means of engaging the said
265 3616 1912 3717 Prisoners , without the spur of corporal severities , to set their hands
260 3755 488 3817 to labour.
1637 3876 1828 3946 Art.8.
