2731 4096
777 383 2369 516 necessary for the maintenance of the said Establishment, the
776 515 2368 628 expence of which maintenance for the first year was included in
775 639 2383 748 the said estimate of £27,000, may by the circumstances of the
781 754 2442 864 times be found to have undergone a considerable enhancement,
775 862 2438 973 in consequence whereof the effective power of the said propo­
1806 932 1906 985 well
770 966 2419 1085 ­sed partial allowance of £27,000 as ^ of the said Proposer's
772 1101 2355 1217 private stock destined to have been added thereto is though
773 1220 2440 1331 nominally the same, become in effect so much the less
777 1342 2487 1463 and proportionably insufficient for the said intended purpo­
768 1470 2431 1567 ­ses And Whereas in particular the price of Bricks hath
779 1595 2374 1702 within the said period undergone an enhancement by
767 1713 2411 1821 means of a duty thereon imposed by Parliament,
763 1837 2389 1952 to wit by an Act of the 28th of March 1794 Ch 15, as
778 1973 2023 2075 also the price of Glass by an Act of the
773 2099 2432 2234 1794 Ch.37 - And Whereas the delay from whence such
757 2200 2433 2353 encrease of charge hath occured hath not happened
762 2342 2455 2488 through any default on the part of the said Proposer
768 2474 2425 2620 Now therefore it is hereby farther agreed that the
751 2601 2420 2729 said Jeremy Bentham and his Representatives
770 2737 2385 2877 shall at any time and so from time to time be
768 2866 2411 3003 at liberty to deliver in an account of all or any
772 3009 2388 3118 such articles expended either in quality of materials
778 3133 2411 3257 used in the construction of the said Building and
772 3278 2344 3391 it's appurtenances , or in quality of provisions or
772 3384 2413 3533 other necessaries for the prisoners actually consumed
779 3522 2404 3646 within the said year together with the times at which
779 3645 2400 3784 they were respectively contracted for, accompanied with
2305 3808 2419 3876 a
