2731 4096
236 382 1889 484 the actual price and expenditure at the said later period as of the
212 484 1866 599 fair or current price of the like articles at the said former period:
229 586 1873 703 whereupon he the said Jeremy Bentham shall be entitled to the to-
237 701 1878 798 -tal amount of the enhancement so proved, together with interest at
1181 776 1263 826 the
234 804 1873 917 the rate of 5 per cent from the day of delivery of such account to
231 917 1841 1029 the day on which the amount thereof shall have been received by
229 1026 1832 1140 him. Provided that if any reduction of price shall within the
236 1132 1892 1248 same period have taken place in respect of any other article or
233 1257 1896 1366 articles so employed or consumed as aforesaid, he the said Jeremy
238 1365 1805 1467 Bentham and his Representatives shall in like manner be
233 1495 1894 1594 bound to render a like account of every such reduction at the same
223 1620 1883 1738 periods respectively with every such account of alledged enhance-
243 1726 1908 1836 -ment; the amount of which reduction shall be deducted from the
237 1839 1900 1949 amount of such enhancement as aforesaid: or if no such re-
235 1964 1900 2060 -duction shall have taken place, then to make declaration to
232 2083 1899 2203 that effect: and the ballance of such account of enhancement
235 2211 1896 2303 and reduction shall constitute the supplemental allowance to
241 2335 1898 2447 which the said Jeremy Bentham or his Representatives shall
242 2464 1896 2574 be intitled as aforesaid. Provided also that if in respect thereof
238 2590 1901 2696 any dispute should arise, the same shall be settled by two re-
240 2706 1866 2818 -ferees, one to be appointed by each of the parties to these pre-
243 2827 1306 2927 -sents, with power to choose an umpire.
362 2936 1838 3044 Art. 4. And Whereas it may chance that at or after the
251 3065 1864 3181 time when the said Jeremy Bentham shall be in readiness to re-
250 3171 1871 3294 -ceive the said number of 1000 Convicts as aforesaid, there may
239 3301 1894 3420 be more than 1000 of such Convicts, which under the powers of
241 3431 1897 3545 the said Act might be committed to his charge, it is moreover
242 3545 1886 3667 agreed that he the said Jeremy Bentham shall receive every
241 3656 1915 3789 such supernumerary Convict on the same terms of L 12 a year
238 3755 1900 3890 per head as the hereinabovementioned original number of
1768 3926 1879 3971 1000
