2731 4096
808 391 2406 509 "and agreements, as shall be requisite to enforce the execution
801 496 2480 616 "of the same accordingly, and within a time to be limited, " And
799 618 2376 719 Whereas in and by an instrument dated this day the said
799 718 2450 826 piece of Ground has been fixed upon accordingly and the said
795 818 2430 943 Jeremy Bentham appointed sole Feoffee for the purpose of
802 925 2416 1041 purchasing the same And Whereas he the said Jeremy
812 1040 2457 1150 Bentham hath proposed at this own expence but upon such
805 1151 2421 1258 terms and conditions and for such considerations as are herein
799 1268 2460 1391 after mentioned, to erect and adapt to the purpose aforesaid a
820 1345 1489 1414 such penitentiary House.
798 1376 2353 1512 building of a new and peculiar nature invented by Samuel
799 1487 2458 1621 Bentham Knight of the Military Order of St George of Russia
794 1602 2452 1723 and Brigadier General in her Imperial Majesty's Service, Bro­
805 1721 2377 1845 ­ther of the said Jeremy Bentham, under the name of a
796 1832 2472 1952 Panopticon or Inspection-House in and by means of which
800 1947 2449 2065 said building any number of persons may , in as far as it
812 2061 2383 2162 shall be thought proper , be kept under the inspection of any
798 2165 2427 2280 person or number of persons in charge thereof during any or
806 2281 2491 2397 every moment of their respective lives , Now these presents witness
808 2394 2449 2499 and the said Jeremy Bentham for himself his Heirs Executors &
809 2502 2444 2602 Administrators doth covenant promise and agree to and with the
806 2607 2462 2710 said Lords Commissioners as also the said Lords Commissioners
801 2718 2469 2838 for themselves and Successors to and with the said Jeremy Bentham
810 2834 2436 2930 his Heirs Executors and Administrators in manner following viz:
903 2921 2417 3050 Article.1. The said Jeremy Bentham , for and in consideration
812 3064 2492 3178 of the sum of twenty seven thousand pound to be paid in manner here­
798 3181 2434 3290 ­in after mentioned , with the addition of such supplemental allowance
810 3281 2463 3382 as is herein also mentioned, as also in consideration of his being
812 3390 2464 3508 to be appointed Governor of such Penitentiary House or Houses
806 3502 2418 3623 when built with such powers and allowances as are hereinafter
805 3642 2451 3743 mentioned , with such remainders as are also herein after men­
789 3771 2397 3892 ­tioned, shall, within one year from his obtaining full and
2124 3878 2434 3957 peaceable
