2731 4096
170 164 1616 258 its commencement and its amount
124 247 1989 333 amount and to commence at a certain period; such amount
118 382 1908 481 and such period to depend upon the amount of such portion
1003 448 1265 539 adjusted
125 512 1918 613 as abovementioned and to be liquidated by two referees one to
147 646 1902 745 be appointed on the part of the Crown and the other on
135 773 1978 885 the part of the Proposer with power to appoint an Um-
121 915 302 1008 -pire.
209 1031 1903 1151 12. A penal sum to the amount of £50 shall be paid
122 1173 1960 1294 by the Proposer for every escape, with or without any default
118 1314 1962 1422 of his, irresistible violence from without excepted: the amount of
130 1445 1928 1560 which forfeiture shall however be returned to him in case of
136 1595 422 1680 recapture.
210 1703 2034 1818 13. The lives of the Prisoners are to be insured by the Proposer
1339 1778 2279 1878 he shall be made Creditor for
130 1832 1961 1964 as follows. On the delivery of the Prisoners into his hands a
1362 1910 1914 1996 in respect of ^
132 1973 2000 2086 certain sum viz: £100 a head shall be advanced to him for such a
122 2116 1984 2233 part of the whole number as in the common course of mor-
134 2253 1972 2364 -tality may be expected to die within the year: in consideration
231 2334 1084 2416 shall be made Debtor for
142 2377 2009 2509 of which he engages to pay the said sum of £100 immediately
138 2508 2004 2635 on the decease of every such Prisoner as within the said year
147 2654 1881 2769 shall happen eventually to die+: the number for which he
385 2742 642 2819 allowed
132 2792 1981 2906 shall be paid as aforesaid to be determined by two referees or
146 2913 1945 3042 an umpire as beforementioned, taking the London Bills of
138 3062 1999 3174 Mortality for the standard. As for example if it be determined
148 3186 2006 3318 that 1/50 part of the number (being 20 out of the 1000) ought
1863 3274 2014 3336 **<SUB>** which
143 3330 2012 3438 naturally to die, then the sum total of such premiums so to
133 3404 977 3480 he shall be made Creditor for
140 3441 1948 3569 be advanced to him shall be £2,000: and the premium for
126 3531 1863 3636 which he shall in the manner be made Creditor
149 3588 1991 3711 any and every supernumerary prisoner (to be paid on the
154 3714 2010 3874 day of his consignment) shall be £2. and so in proportion
136 3827 1774 3970 for any portion of time less than a year _
