2731 4096
1010 295 1116 393 2
483 555 1875 755 After Our hearty Commendations ; By Virtue of His
231 721 1904 869 Majesty's General Letters of Privy Seal bearing date 5 Nov.
223 847 1923 981 1760 and in pursuance of a Warrant under his Royal Sign
230 964 1953 1093 Manual dated the 11 Day of June 1794 These are to pray
223 1089 1909 1226 and require You to draw an Order for paying unto Jeremy
226 1218 1950 1348 Bentham Esqr or to his Assigns the Sum of Two thousand
222 1355 1893 1496 Pounds by way of Imprest and upon Account to enable him
236 1459 2027 1627 to make such preparations as may be necessary for the custody
232 1596 1975 1770 and care of the Convicts proposed to be confined in the Peniten­
227 1736 1933 1902 ­tiary Houses intended to be erected at Battersea Rise or on
235 1863 1951 2027 such other piece or pieces of Ground as may be appropriated
223 2016 1960 2162 for that purpose And let the said Order be satisfield out of any
220 2169 1885 2296 money in the Receipt of the Exchequer applicable to the
241 2285 1905 2438 Uses of His Majesty's Civil Government For which this
229 2434 1353 2560 shall be your Warrant. Whitehall _
246 2542 1623 2713 Treasury Chambers 17. day of June 1794
226 2725 434 2827 To
327 2787 1208 2970 The Auditor of the Receipt Mornington
283 2937 1168 3109 of His Majesty's Exchequer. Rd. Hopkins
1439 3082 1801 3244 J. Smyth
2409 3751 2585 3832 Houses
259 3718 1900 3874 Jeremy Bentham Esqr £2000 to enable him to make the
230 3789 2554 3973 necessary preparations for the Custody of the Convicts to be confined in proposed Penitentiary
