2731 4096
268 360 1905 473 a head for a proportionable premium to be paid by the said
252 480 1892 587 Lords Commissioners and their Successors as follows _ A com­
246 594 1922 704 ­putation shall be formed of the number of deaths that may
259 709 1888 815 be expected to take place among the Prisoners in the course of
263 824 1938 923 each year out of the said number of a thousand Prisoners living at
258 935 1916 1030 the commencement of such year , taking for the standard the an­
262 1050 1860 1142 ­nual proportion of the sum total of deaths at the end of a year
261 1164 1938 1266 to that of persons living at the commencement of the said year,
255 1277 1873 1380 according to the London Bills of Mortality , and the calculations
256 1391 1906 1492 thereon grounded by the late Rev:d Dr Price : [+] Such computation
266 1506 1877 1613 being made , the said Jeremy Bentham and his Successors
262 1620 1887 1719 shall at the end of each year be on the one hand be made
256 1737 1937 1845 Creditors to the amount of £100 for every death which in the course
262 1854 1893 1967 of the said year might according to such computation have been
252 1974 1904 2086 expected to take place among the said Prisoners , and on the other
268 2087 1897 2199 hand Debtors to the said amount of £100 for every death which
259 2200 1890 2307 within the said period shall actually have taken place. As for
258 2312 1899 2414 example , suppose the number of deaths expected to have taken
263 2436 1855 2538 place at the end of the year to be to the number of persons
266 2558 1891 2669 living at the commencement of the said year as 1 to 25 , this
253 2676 1902 2785 for the said intended number of 1000 Prisoners will make 40
261 2789 1928 2864 deaths : £4000 then will be the sum which the said intended
271 2900 1920 3002 Governor will annually be made Creditor for upon the supposi­
284 3013 1888 3129 ­tion of his receiving the said number of 1000 Prisoners : and
262 3123 1927 3245 as he will be made Debtor to the said amount of £100 for every
267 3247 1874 3361 one which during the said period shall actually have died, it
257 3368 1920 3476 follows that if 40 , as expected , shall have died, neither more nor
276 3479 1927 3595 less, he will have nothing either to receive or to pay: if, instead of
264 3604 1934 3706 40, 41, then he will have to pay to the amount of £100; if instead
269 3728 1896 3832 of 40, 39, then he will have to receive to the said amount. But
1704 3838 1893 3937 £4,000
