2731 4096
207 239 1959 383 5. For every year after the first he shall receive £12,000:
126 395 1903 526 for which he is to maintain any number not exceeding 1,000
122 548 565 661 for that year.
203 663 1900 782 6 The aforesaid £27,000 to be paid by instalments: viz:
1018 775 1095 844 of
112 785 1873 912 £10,000 immediately on signing this Agreement: £10,000 in
124 918 1850 1052 three months from the date hereof: and £7000 so soon as the
121 1064 1929 1173 Proposer shall have declared himself in readiness to receive the
132 1210 448 1309 prisoners.
1213 1250 1530 1346 quarterly
206 1322 1914 1431 7 The aforesaid £12,000 to be paid half yearly viz: £6000 on
117 1459 1863 1582 the commencement of the first half year, and £6000 on the
115 1622 1033 1719 commencement of the second.
176 1733 1999 1849 8 The proposer to be allowed to employ the Prisoners for his own
117 1870 1973 1979 benefit, and to take to himself the whole produce of their labour.
182 2007 2012 2127 9 No Convict to be delivered to the Proposer under this agreement
110 2147 1941 2262 whose term of confinement has not two years to run
131 2288 494 2358 at the least.
197 2406 1864 2524 II. Articles to be performed on the part of the Proposer.
205 2540 1925 2661 1. The whole cost of the Buildings and of whatever else is
124 2671 2001 2803 necessary to adapt the ground in question to the purpose, shall be
117 2817 875 2924 at the Proposer's expence.
193 2953 2008 3056 2. Each prisoner shall be supplied at least twice a day with
121 3086 1979 3201 wholesome food, each time to the extent of his desires: but the
134 3222 1921 3341 quality in other respects is expressly reserved to the choice of
1798 3300 2075 3415 infliction of
119 3340 2015 3473 the Proposer as a means of inducing them without the aid of
123 3495 1496 3603 corporal severities to set their hands to labour.
1611 3761 1845 3824 3. Each
