2731 4096
626 228 2553 457 { 1/3 of which to be retained by the Proposer for
638 344 2522 589 payment of his necessary clothing untill the
638 485 2571 716 amount thereof not exceeding £3 shall have
640 708 1389 940 been discharged _
851 1208 1995 1318 who shall be willing to accept thereof
879 1371 2561 1499 and able to do a day's work in the way of ordinary day
735 1516 2576 1626 labour , or if not so able then to pay him at any rate accord-
720 1644 1802 1776 -ing to the utmost of his ability
809 1761 2610 1924 14. To insure to the Prisoners an honest and sufficient livelyhood
738 1943 2607 2051 at the expiration of their terms, the Proposer engages to take
1776 2016 1943 2096 **<SUB>** 8
730 2078 2600 2218 into his pay at a rate not less than 1 a day exclusive of lodg-
718 2217 2529 2334 -ing washing and firing every such prisoner who shall be
734 2361 2618 2489 willing to accept thereof and [diligently endeavour] duly endeavour
740 2496 2618 2631 to earn the same ; and so faor as long as he shall continue able
2198 2600 2539 2689 the sum of
677 2616 2575 2768 to labour and willing as aforesaid. Government paying £5
679 2747 2610 2916 for the cloathing and outfitting of every such discharged prisoner.
852 2877 2622 3034 15 Provided always that in the case of every such prisoner
740 3033 2553 3172 as may happen to be discharged as aforesaid without having
718 3178 2534 3297 been under the care of the proposer for so long time as a
692 3314 2540 3428 year, as much more shall be paid upon his discharge
746 3425 2523 3558 as when added to what was paid for his maintenance du-
732 3570 2425 3705 -ring his confinement shall make the sum of £12.
2285 3850 2431 3957 To
