2731 4096
129 122 1968 257 County of Surry, and of all houses, outhouses, ways,
115 259 2021 392 paths , passages, timber trees, woods, underwoods, wa­
119 406 1958 525 ­ters, watercourses, and all other rights, members,
119 535 1974 680 and appurtenances, thereunto belonging; And
126 672 1975 820 Moreover for the purpose of treating for the
112 846 1964 962 purchase of the said spot as aforesaid, and
117 1002 2069 1135 accepting a conveyance of the same in manner
128 1080 2533 1200 and for the purpose of doing and executing all other Acts Matters and things to be
102 1142 2030 1266 aforesaid, it hath also seemed good to us to appoint,
2026 1166 2550 1252 done and executed
2014 1235 2502 1350 according to the
111 1266 2014 1419 and we do accordingly by these presents constitute &
2000 1314 2561 1404 said recited Statute
1664 1383 1910 1482 Esquire
1996 1401 2532 1510 by the Feoffee or
92 1407 2064 1569 appoint, Jeremy Bentham of Lincoln's Inn Bar­
1987 1480 2601 1608 Feoffees to be appoin­
844 1524 1783 1633 for the several purposes aforesaid
97 1578 2007 1723 ­rister at Law sole Ffeoffee during the term of his
2001 1580 2532 1671 ­ted as herein is
2010 1667 2369 1750 mentioned
97 1720 1980 1872 natural life and in such quality and capacity to
112 1880 2073 1986 authorize and we do by these presents authorize the
111 2031 1926 2157 said Jeremy Bentham to treat for the absolute
101 2179 2003 2306 purchase in fee simple and to accept a convey­
117 2336 1972 2456 ­ance of the said piece or pieces of ground above
114 2473 1976 2584 described and to take and hold the premises a­
111 2618 1914 2759 ­foresaid according to the said Act and for the
105 2748 2007 2869 uses and purposes therein contained and declared
1879 2860 2005 2933 and
106 2890 1990 3017 And accordingly to do all and every such act or
128 2977 703 3056 matters & matters
98 3008 2030 3158 acts thing or & things as in and by the said Sta­
104 3143 2054 3272 ­tute a Ffeoffee so to be appointed is particularly
388 3236 758 3312 or required
104 3276 2053 3412 empowered to do or which for carrying the purposes
110 3419 2032 3550 thereof into execution in that behalf shall by such
1295 3501 2007 3586 according to the said Act
102 3521 1986 3693 Ffeoffee be necessary or proper to be done . In
108 3647 2006 3847 Witness whereof _ I think this Drt is conformable to the
123 3759 2032 3868 late Act -- and I approve it as being so _ How far the late Act and the
123 3826 2009 3928 Act 19 Geo 3. C 74 are meant in any and what respects to stand together and
123 3889 1984 3982 or can be both executed I presume is not submitted to my consideration J Scott
1844 3970 2062 4014 2 May 1795
