2731 4096
241 364 1904 475 during the first year: except only the amount of the premiums
238 486 1200 594 for insurance herein after mentioned.
364 594 1860 712 Art. 6. The said Jeremy Bentham and his Successors as
1632 669 1843 730 retain
241 713 1913 836 abovementioned shall moreover be respectively allowed to employ the
238 780 1886 870 apply to their own use the produce of and profit upon the
246 835 1886 960 Prisoners for the proper benefit of them the said Governors, to
234 901 1921 984 labour of all and singular the Prisoners so to be kept to labour
228 951 1890 1046 **<SUB>** receive to themselves the whole produce and profit of their labour,
243 1018 1550 1096 under the direction of them the said Governors
226 1060 1879 1179 and the same to retain, subject only to the allowances to be made
251 1126 701 1207 and Governors
247 1165 1580 1295 to such Prisoners in manner herein after mentioned.
401 1285 1912 1407 Art. 7. Each Prisoner shall be supplied every day with
247 1412 1871 1524 wholesome food, as much as he shall choose: but the quality in
249 1529 1837 1645 other respects is expressly reserved to the choice of the said
221 1656 1898 1780 Jeremy Bentham and his Successors as a means of engaging
245 1764 1943 1866 the said Prisoners, without the spur of corporal severities, to set
228 1867 829 1962 their hands to labour.
440 1996 1885 2099 Art. 8. Each Prisoner shall be kept properly cloathed,
245 2119 1901 2218 and to that purpose shall be supplied at least once a year with
246 2239 1907 2336 a compleat suit of such cloaths as shall be allotted, and with
251 2360 1331 2469 a clean shirt at least twice in every week.
420 2475 1893 2579 Art. 9. Each Prisoner shall be constantly supplied with
258 2587 1892 2702 a separate Bed and Bedding of sufficient warmth, and kept
251 2711 1891 2820 in a state of constant cleanliness; clean sheeting or blanketing
257 2832 1603 2953 being supplied to each at least once in every month.
424 2933 1887 3041 Art. 10. The Prison shall at all proper seasons and in
258 3060 1697 3180 every part thereof be sufficiently warmed and lighted.
396 3176 1851 3293 Art. 11. No Prisoner shall be suffered to have access to
250 3306 1920 3432 any kind of spirituous or fermented liquor, except in as far
250 3435 1929 3547 as the same shall have been prescribed in the way of Medicine.
355 3552 1872 3676 Art. 12. A Chaplain, being a Clergyman of the Church
249 3686 1893 3830 of England, shall be provided ho in person or by Occasional
1754 3817 1933 3936 Deputy
