2731 4096
1030 151 2290 240 Panopticon Convict Proposal 1793
793 273 2350 401 Penetentiary Act 19. G. 3. C. 74. S. 12. The
797 371 2492 474 value has been estimated by a Jury at
788 491 1075 551 £6,600.
853 554 2518 659 2. This Sum to be paid by the Treasury
786 661 2523 779 immediately: the Land thereby to become
787 765 1826 867 the Property of the Crown.
849 840 2446 938 3. Mr. Bentham to take a Lease of
783 948 2497 1074 the Ground for 99 years at a rack rent
781 1054 2453 1151 apportioned to the purchase money:
775 1138 2454 1244 the amount to be adjusted by com=-
775 1249 2524 1339 -petent Persons: with power to purchase
779 1323 2493 1423 the Land whenever he may think proper
781 1441 2005 1518 within the space of 10 years.
861 1514 2340 1650 4. Buildings for 1000 Convicts to be
785 1607 2464 1731 built at the sole expence of Mr Bentham.
828 1746 2485 1863 5. Government to advance by Instal:-
778 1845 2495 1949 -ments £27000 to enable him to proceed
783 1938 2426 2039 in the execution of his Plan, for which
1880 2004 1970 2044 the
764 2034 2469 2167 he engages to take care of 1000 Convicts ||
779 2111 2407 2249 for one year. This Sum of £27000 is
780 2221 2342 2307 no more than equal to the expence
781 2294 2494 2408 which it appears by the Report made to
779 2369 2437 2493 the House of Commons the 16..th Dec.r 1778
771 2461 2486 2578 had attended the keeping 1000 then in the
766 2570 2480 2673 Hulks for the same time. By a recent
775 2666 2391 2738 reduction made since Mr Bentham
750 2760 2400 2877 gave in his first proposal, instead of
772 2843 2427 2940 £27000 the expence is now but £21000.
838 2949 2482 3051 For the second year and thereafter
763 3038 2524 3163 he engages to reduce the annual charge
766 3145 2448 3267 to £12000: taking to himself however (as
762 3237 2464 3365 before) the advantage of their labour,
767 3354 2546 3475 which, according to Mr Duncan Campbells
765 3459 2467 3569 Estimate of 1.s a day a man for some of
761 3534 2402 3660 those under his care, and 9d a day for
771 3653 2405 3798 others, taking also into the account
766 3744 2471 3859 those to whom no employment has
760 3852 2208 3979 been given, amounts (upon an
2114 3950 2460 4012 average
