2731 4096
482 148 1717 237 Panopticon Convict Proposal 1793
274 291 1985 414 of Divine Service, but on ordinary days at meal
289 391 1968 489 times or times of work: providing thereby a system
283 491 1908 593 of superintendance, universal, unchargeable
273 584 1961 682 and uninterrupted, the most effectual and
268 694 1952 785 indestructible of all securities against abuse.
396 806 1922 879 Such are the methods that have occurred
256 893 1968 1000 to him for the accomplishing that identification
268 979 1952 1097 of interest with duty, the effectuating of which
260 1087 1943 1193 in the person of the Governor, is declared to be one
276 1195 1871 1306 of the leading objects of the Penitentiary Act.
442 1314 1955 1426 The station of Jailor is not in common ac-
257 1420 1861 1531 -count a very elevated one: the addition of
263 1524 1942 1614 Contractor has not much tendency to raise
286 1614 1957 1703 it. He little dreamt, when he first launched
276 1732 1876 1840 into the subject, that he was to become a
267 1841 1935 1942 Suitor, and perhaps in vain, for such an
255 1944 1956 2038 Office. But inventions unpractised might
256 2043 1967 2145 be in want of the inventor: and a situation,
256 2149 1879 2246 thus clipped of emoluments, while it was
253 2247 1989 2369 loaded with obligations, might be in want
257 2328 1918 2448 of candidates. Penitrated therefore with
249 2443 1849 2554 the importance of the end, he would
247 2546 1981 2668 not suffer himself to see any thing unplea-
239 2663 1691 2745 -sant or discreditable in the means.
885 2744 1569 2881 1793 June 8th
556 2934 1947 3089 Supplemental Elucidations
253 3124 1975 3239 1. The Spot for the Establishment to
240 3237 1925 3355 be Battersea Rise, being the Spot and
238 3340 1946 3485 the only Spot of which Possession can be
243 3422 1612 3540 obtained immediately * under the
1436 3457 1951 3534 Penitentiary
225 3563 1871 3646 * No other Place could be had without fresh
243 3619 1933 3712 Parliamentary Powers, and a repitition of the
247 3678 1964 3772 Proceedings which in the former instance con=-
251 3723 1920 3808 -sumed several years. And why look out for
240 3779 1902 3889 any other Spot than one which has been so
247 3838 1880 3930 universally and solemnly approved? See
234 3893 1611 3969 Commons Report 22.d March 1784. p. 4.
