2731 4096
252 301 755 629 George R
514 926 1863 1097 Our Will and Pleasure is that by virtue of Our
198 1073 1881 1252 General Letters of Privy Seal bearing date the 5th day of November
228 1199 1916 1326 1760, you do issue and pay or cause to be issued and paid out of
223 1317 1923 1448 any Our Treasure or Revenue in the Receipt of the Exchequer ap­
199 1443 1969 1581 ­plicable to the Uses of Our Civil Government unto Jeremy Bentham
219 1562 1971 1719 Esqr or to his Assigns the Sum of Two Thousand Pounds by way
217 1682 1867 1846 of Imprest and upon Account to enable him to make such
209 1824 1907 1957 preparations as may be necessary for the custody and care of
227 1928 1912 2088 the Convicts proposed to be confined in the Penitentiary Houses
228 2054 1930 2156 intended to be erected at Battersea Rise or on such other Piece
215 2175 1958 2319 or Pieces of Ground as may be appropriated for that purpose
221 2296 1901 2458 And for so doing this shall be your Warrant Given at Our
202 2444 1920 2601 Court at Saint James's this Eleventh day of June 1794 In
223 2585 1288 2726 the Thirty fourth Year of Our Reign
207 2760 1952 2939 To By his Majesty's Command
297 2899 1386 3110 The Commissioners of Our Treasury,
1448 3032 1744 3162 W Pitt
1451 3167 1828 3318 R Hopkins
1415 3337 1768 3518 J. Smyth
183 3677 2591 3851 Jeremy Bentham Esqr £2000 to enable him to make the necessary preparations for
221 3817 2412 3982 the Custody of the Convicts to be confined in the proposed Penitentiary Houses.
