2731 4096
1072 162 2329 247 Panopticon Convict Proposal 1793
778 326 2465 424 to be paid immeditely on conviction, and to be ap-
764 416 2415 524 -plied to the indemnification of the persons in-
777 522 2479 627 -jured by such subsequent offence, and to be equal
782 615 2427 719 in amount to the value of the injury, so long as
1326 679 1448 732 not
780 693 2493 804 it did not exceed the sums respectively above spe-
1308 778 1793 818 ^ obligation
767 789 2430 928 -cified. Provided that this shall not begin till the
786 860 1671 954 establishment has been in foot two years
784 890 2406 1018 15th. To present to the Court of King's Bench on a
786 1015 2472 1118 certain day of every term, and afterwards, print
791 1097 2498 1214 and publish at his own expence, a Report, exhibi-
1467 1171 1621 1221 whole
772 1210 2461 1340 -ting in detail the ^ state, not only moral and
789 1256 2539 1390 medical, but economical, of the establishment: [+]
771 1392 2464 1511 shewing the whole profits if any, and in what
775 1492 2405 1613 manner they arise : and then and there, as
794 1590 2474 1694 well as on any other day upon summary, from
790 1669 2475 1772 the Court, [+]2 to make answer to all such questions
1362 1758 1426 1804 to
798 1766 2487 1857 as shall be put him in relation thereto, not on-
804 1862 2488 1953 -ly on the part of the Court Officer of the Crown,
785 1949 2437 2070 but by leave of the Court, on the part of any
771 2050 2406 2143 person whatsoever : questions the answer to
1505 2132 1555 2174 to
773 2130 2425 2247 which might tend subject him to conviction
768 2217 2434 2337 though it were for a capital crime, not ex-
768 2325 2446 2438 -cepted : treading under foot a maxim inven-
783 2427 2459 2538 -ted by the guilty for the benefit of the guilty,
803 2512 2423 2623 and from which none but the guilty ever
787 2606 1828 2726 derived any advantage.]
777 2714 2435 2827 16 By neatness and cleanliness, by diversity of
783 2817 2433 2916 employment, by variety of contrivance, and a-
771 2911 2385 3008 -:bove all, by that peculiarity of construction,
776 2989 2441 3107 which, without any unpleasant or hazardous vic-
792 3087 2443 3198 -inity, enables the whole establishment to be in-
772 3187 2417 3300 -spected at a view, from a commodious and
800 3285 2447 3360 insulated room in the center, the prisoners
796 3380 2483 3491 remaining unconscious of their being thus obser-
768 3490 2471 3584 -ved, it should be his study to render it a spec-
777 3577 2461 3687 -tacle such as persons of all classes would in
793 3685 2481 3793 the way of amusement be curious to partake
804 3788 2487 3874 of and that, not only on Sundays at the time
2408 3863 2515 3960 of
