2731 4096
171 66 2171 244 Number & allowance for building & maitenance
354 343 1977 464 As to other convicts, it will depend on the opi­
149 462 2000 663 ­nion of the Judges who try them, what number of them
193 645 1842 819 it may be proper to confine in the Panopticon:
186 828 2014 953 it is impossible to ascertain with with accuracy
171 1030 1894 1142 accuracy the number to which they may amount:
183 1141 1957 1233 but I incline to think it would be very inex­
164 1272 1937 1421 ­pedient to move such persons from the Country
196 1413 1951 1540 Gaols, unless the crowded state of those Gaols should
212 1545 1948 1698 render it absolutely necessary: for it would naturally
216 1667 1977 1804 tend not only to check that spirit of improvement
200 1816 1912 1947 which now so universally prevails (a) in the several
197 1943 1981 2088 Counties in respect of those Gaols, but would be the
207 2084 1883 2236 means of the Gaols themselves being neglected _
660 2217 869 2278 means
195 2228 1983 2358 by which by which the greater part of the Prison­
163 2384 1986 2517 ­ers who are now or hereafter may be confined in
199 2514 1984 2664 them would necessarily be sent to the Panopticon,
213 2692 1936 2809 when the expences attending their custody must be
208 2841 1934 3005 borne by Government (b) instead of being defrayed
215 2958 1310 3107 by the respective Counties.. (b)
