2731 4096
601 303 1630 428 The British Constitution
917 457 1393 568 conquered in
678 567 1603 667 New South Wales.
385 760 1955 962 The appetite for conquest is too strong in man
1176 894 1966 975 in respect either of matter
287 935 1937 1067 to be difficult in its choice, either of the subjects
282 1057 1998 1166 mode, or place. When the conquest of America was
283 1169 1934 1290 the order of the day, America was conquered in
275 1290 1884 1425 Germany, as it would have been in the moon,
273 1418 1985 1502 rather than that it should not be conquered. Ame-
278 1532 1983 1673 -rica having since [taken itself into its own hands,
266 1643 1958 1789 and] conquered itself within itself, much remains
535 1733 1293 1814 the prior unless it be
263 1766 1996 1891 not of that conquest, besides the honour and glory_
872 1881 1029 1927 was
260 1870 1954 1980 in which, however, is contained all the value of it.
820 1959 1860 2054 enterprize illustrious
510 1993 2010 2104 Another bold in <gap/> of the same Chieftain,
254 2121 1978 2231 was an attempt to conquer the British Constitution
790 2193 2041 2291 A legislation by King without Parliament _ a
260 2232 1926 2361 in Great Britain. A "tyranny" without disguise
262 2336 2005 2477 or limit _ a dominion of King without Parliament
254 2493 1954 2575 was set up at once under its own name: set up
1451 2539 2044 2629 or in the first instance
255 2582 2051 2738 for no more than "forty days" indeed [to begin with _]
266 2705 1922 2820 but renewable toties quoties. (a) In those days there
1632 2806 1720 2864 up
271 2814 1963 2940 was a General Mansfield, who stood forth, and,
759 2922 887 3010 self
264 2940 1998 3081 took upon him the defence of the invaded territory:
275 3062 2024 3183 More short lived still than the military, the political
270 3191 2002 3301 conquest did not outlive the experimental forty days.
901 3267 1931 3355 above spoken of whole
513 3286 1989 3433 The appetite being so natural to the species,
1990 3329 2235 3398 strength
979 3368 2244 3456 in any more than ordinary degree of sharpness,
258 3421 2014 3532 the wonder is the less, when s it is observed to be heredita-
276 3541 2044 3693 -ry in families. The plan for the conquering of the Bri-
272 3638 2031 3755 -tish Constitution proprio loco (as a natural philosophy
268 3722 2572 3838 (a) A-1766. On the occasion of the suspension put upon the Corn Laws, per Lords Chatham & Camden, among
266 3777 2585 3898 the indefeasible rights of the Crown, is that of suspending Acts of Parliament in all cases: subject only
261 3827 2559 3948 to the obligation of employing the word necessity, as in the case of Ship-money. To the objection that
272 3888 2540 3983 this is a tyranny, the answer was _ True: but it is but for forty days. See Almon's Parliamentary Register?
