2731 4096
914 121 1326 240 Letter 3d
226 321 1957 429 which Parliament had, by the other of the two Acts
232 448 1980 543 of whih which he so well understands the object,
232 573 1925 655 declared in express terms they should not be put,
222 678 1951 782 **<SUB>** but in these limited numbers which it specifies * _
1775 762 1926 828 those
263 898 1883 985 **<SUB>** * 19 G. 3. c. 74. §. 26. "In the mean time, and until
221 993 1975 1089 "such certificate shall be made as aforesaid [§. 24 certifying
214 1083 1912 1190 "the National Penitentiary Houses in question to be ready] it
222 1182 1895 1273 "shall be lawful for the Court . . . . to order and adjudge
219 1276 1911 1354 "such offenders, not exceeding the num nun numbers
216 1365 1922 1466 "hereinbefore respectively limited [§.25.] to be imprisoned
223 1461 1966 1543 "and kept to hard labour, for the several terms aforesaid,
217 1553 1977 1639 "in the respective Houses of Correction or other proper Places,
217 1634 1932 1747 "within each respective County; which Houses of Correction,
224 1737 1915 1819 "or other proper Places, shall, during such time, be deas
216 1812 1954 1897 "deemed and esteemed Penitentiary Houses, to all Intents &
221 1910 1885 2006 "Purposes, within the Meaning of this Act, except only
225 1996 1894 2090 "with regard to the Appointment of Officers & Servants,
222 2089 1923 2180 "and other interior Regulations of such Houses directed
224 2184 1942 2274 "by this Act: & when such Certificate shall be made as
229 2278 1955 2374 "aforesaid, the offenders then imprisoned in such Houses
230 2368 1996 2466 "of Correction, or other Places, by virtue of this Act shall
216 2455 1984 2549 "be transferred to such new erected Penitentiary Houses, for
224 2541 1953 2640 "the residue of the several Terms during which they were
226 2632 1957 2724 "ordered and adjudged to be imprisoned." Thus far the Act.
267 2719 1973 2809 The Terms during which the Convicts may be kept to
236 2819 1949 2883 hard labour in these local Gaols are succedaneous terms
217 2905 1994 2994 shorter than the transportation terms [ §.2 ]: the numbers
248 2990 1947 3077 of the Convicts which may be so kept in them are carefully
227 3075 1967 3172 limited [§.25.] the authority by which they may be thus ordered
250 3164 1977 3265 and adjudged to be kept is that of the Court only _ "the Court
236 3253 1980 3336 in which they shall be convicted or any other Court held for
227 3340 1914 3419 the same place" [§.26]. Thus said the law: _ and it is
232 3431 2004 3522 under colour of this law, declaring himself tom "have examined"
239 3524 1917 3601 it (though it was nothing to the purpose) and professing
234 3618 1866 3695 to "understand" it, that the Duke by his own sole and
225 3695 1907 3802 sovereign authority in spite of Law, keeps Convicts in these
226 3776 1926 3881 same local Gaols, for terms equal to their transportation
1783 3857 1937 3905 terms
