2731 4096
1075 130 1598 230 N. S. Wales
460 300 625 360 most
252 344 1955 446 indeed a distressing one. Most anxiously do I wish and by no
242 445 1976 555 means without hope (for the time is not ripe for confidence)
249 575 1971 657 that to Your Lordship it will be no less so After what has
251 698 1990 793 been done it is not possible to do any thing that shall not
243 817 1956 888 have evil in it. What remains, is to reduce the mass of
244 932 1884 1030 it to its least dimensions. The error most to be guarded
254 1059 1927 1162 against, is - the being to such a degree confounded and
251 1164 1895 1253 disturbed with the aspect of the least possibly evil course,
255 1309 1186 1405 as to fly from it, to a worse.
543 1395 1965 1506 To the authors of the difficulty - to a Mr Pitt or
247 1531 1967 1623 his man of all work all this talk about difficulty would
262 1652 1944 1754 appear difficult in the extreme. A single horse laugh
252 1768 1948 1861 would dispose of it. What difficulty does a blind man
252 1894 1961 1991 ever feel about colours? - But I hope such case as his is
253 2016 1422 2121 not among the fixtures of his office.-
551 2129 1962 2217 One question it is impossible to stave off. Shall
253 2252 1913 2350 their confinement in the land of false imprisonment be
245 2376 1886 2464 put an end to or continued? Shall the promises so
262 2496 1977 2597 distinctly given and broken be at length fulfilled, or con足
254 2606 1933 2699 足tinue broken for evermore? The latter course perpetuates
254 2737 1921 2828 the oppression of so many thousands of our fellow subjects,
260 2856 1894 2931 besides the scandalous and melancholy example of so
254 2962 1857 3067 many violated laws. The other throws back into the
268 3091 2017 3183 community, in a collected torrent, that mischief from which,
260 3202 1977 3296 drop by drop, at the price of so many painful efforts, it
255 3335 1393 3416 had been supposed to be relieved.
550 3454 1981 3572 In regard to whatever danger many be appre足
260 3575 1895 3680 足hended from a general return of Expirees (being those
256 3700 1881 3798 who could not under their sentence be subjected to
1668 3760 1989 3828 confinement
