2731 4096
1289 174 1713 240 N. S. Wales
832 249 1083 324 Extract from
829 257 2495 370 "Papers respecting respecting the trade between India & Europe" _
778 363 2413 456 p. 54 pp. 45,46. "The inquiry is about enlarging the trading
739 449 2465 548 "privileges of private merchants. It is evident that there
732 533 2409 638 "are no means of doing this upon any great scale,
739 600 2520 717 "consonant to the ideas held out of improving our possessions,
736 703 2399 805 "but by capital transferred thither in bullion from
743 770 2538 893 "this country. The first question, then to be determined,
734 881 2444 1001 "is, whether it would be good policy thus to employ
726 984 2464 1088 "any large portion of the commercial capital of Great
735 1068 2452 1177 "Britain, either in addition to all that it has already
741 1166 2408 1270 "laid out in its plantations and colonies in the
738 1256 2439 1369 "American States and in Europe, or by withdrawing
744 1372 2501 1487 "such portions from some other branch of trade nearer
743 1437 2466 1583 "home, in which it must be now enggged engaged;
743 1550 2480 1683 "for it cannot be supposed, that any considerable part
744 1627 2470 1783 "of the national stict stock lies dormant & useless."
793 1764 2501 1890 Ibid. p. 54. "If there are reasons for withdrawing part of the
755 1873 2393 1986 "capital employed in raising produce in some other
748 1968 2512 2083 "dependencies of the Empire, and for encouraging preferably
747 2050 2444 2169 "the productions of India, these reasons, doubtless, ought
754 2154 2429 2246 "to be heard; but this new business should not be
739 2249 2411 2352 "plunged into, without examining & understanding
750 2342 2457 2420 "its nature and consequences; and in the opinion
754 2434 2428 2554 "of your Committee, unless there are some special
750 2528 2422 2635 "motives for the preference just mentioned, or unless
745 2627 2486 2724 "where some imperious exigency arises, it would be
740 2723 2502 2823 "utterly impolitic to transplant much of the capital
746 2824 2374 2935 "of Great Britain, to carry on the agriculture and
734 2918 1988 3042 "manufactures of that remote region."
