2731 4096
250 335 1975 430 "more than two turnkeys from morning to night, without
248 449 1801 569 "allowing them leisure for any other employment." *
414 587 2010 666 No 8. Page 26. "If the undertaking were not unsuitable
236 680 1987 797 "to my character and habits of life" (says the worthy Magis­
249 817 1951 905 ­trate) "I would not hesitate to contract for the profits of
243 919 1915 1026 "the prisoners' labour, (if they were allowed to work in
254 1063 1964 1142 "their respective callings, and in such other labour as is
244 1182 1952 1283 "proper for prisoners,) and so pay the County £400 per
260 1311 586 1364 "annum."
503 1420 2017 1514 Waiving, though but for the moment, an observation
246 1543 1927 1643 suggested by the hypothetical offer, <gap/> by No 8, I
259 1657 1940 1757 come now, my Lord, to the second part of my text. Good
258 1763 1982 1882 or not good as it might be for the Counties to be forced
243 1889 1938 1976 to corver cover themselves with these improved prisons,
248 2002 2012 2112 so it is, they will not all of them at least suffer themselves
239 2135 1978 2229 to be thus forced. Submitting to the tox tax di=
252 2246 1897 2350 =rectly and actually imposed upon them, first by his
245 2367 1986 2479 Grace, and now by Your Lordship, for the maintenance
249 2489 2021 2595 of prisoners whom Parliament has ordered elsewhere _ sub=
242 2607 2017 2704 =mitting to this tax, perhaps for what of want of having
260 2734 1967 2825 so distinct a view of the noble hands to which they
264 2850 1947 2951 are indebted for it as this disclosure will now help
248 2953 1948 3069 them to, they demur beforehand to the much
251 3093 2005 3176 heavier as well as less directly imposed tax, also declared
263 3212 1943 3308 to be in store for them _ the tax of loading them, a la
259 3336 1952 3430 Vanbrugh, with Blackburn architecture. The tax for
1699 3387 2055 3462 maintenance
301 3611 2010 3704 * A specimen of the expence of the official establishments upon
253 3702 1979 3785 the plan of the prisons especially when on the gally­
251 3792 646 3883 pot scale.­
