2731 4096
1014 132 1405 217 N. S. Wales
227 344 1872 447 the most ordinary intelligence or diligence to help carry it into
219 488 462 561 effect.
419 597 1935 688 Nor yet was it to this degraded cast that the oppression
217 709 1966 814 was confined: for (if this account be to be taken for correct) not
219 812 1959 928 a human being existing in the Colony stood exempted from it.
226 939 1879 1037 So soon as the Ship-masters were restrained from "bringing
220 1025 1883 1178 "away" "from the settlement" "without the Governor's permission"
224 1175 1860 1301 "any Convicts," so soon were they restrained from bringing
226 1288 1926 1417 away, without the same permission, any "other persons". The
216 1426 1998 1503 settlement was thus converted, or at least attempted to be converted,
1025 1503 1344 1567 a receptacle
224 1542 1980 1636 into an immense Bastile ; in which rogues and honest men_
225 1671 1955 1778 rogues under legal obligation to stay in it, and supposed re­
224 1789 1860 1894 ­formed rogues, having a legal right to quit it, were to be
491 1991 669 2055 alone
236 2031 1890 2141 the Jailor only being accommodated with a key, by means of
230 2153 1938 2233 which it would be in his power to let out such, and such only,
224 2266 1944 2364 as he pleased. If any human being _ officer, Civil or Military _
238 2382 1897 2480 Settle emancipated or independent _ or of any other description
227 2511 1966 2589 whatsoever, had either a private quarrel with the Governor, or on
217 2624 2008 2734 public ground a desire to return to England to prefer a complaint,
230 2746 1911 2860 or give evidence against him _ this instruction (supposing it
236 2860 1911 2975 correctly stated) would at the same time give impunity to a
214 2984 1981 3108 guilty Governor _ and level with the condition of a convicted felon,
230 3107 1580 3206 that of the individual whom he had injured. _
467 3224 1990 3305 To enable us to form a distinct conception of the conduct
232 3341 1992 3441 pursued here at home at this time, in relation to the liberty of
247 3457 1945 3563 departure from the Colony, as to the grand point _ (I mean the
239 3578 1950 3679 condition of Expirees) let us see whether any distinction was
228 3705 1877 3792 now made in this respect between those who might and
1762 3760 1960 3841 ought
