2731 4096
1552 114 1867 216 No. 11 12.
876 251 2169 341 No. 11 Mr. Bentham to Mr Hiley Addington. _
750 366 2524 447 Mr Bentham presents his Compliments to Mr Hiley Addington
610 480 2454 566 and begs the favour of being informed whether it be in contemplation
596 587 2474 698 to give any answer to Mr Bentham's letter to him of the 27th of last
599 722 1846 776 Month relative to the omitted documents.+_
638 829 1023 924 6th July 1801 _
1550 871 1807 1012 No 13
664 937 2139 1037 Mr Benthams Note to No 12 written 27 August 1802.
471 985 2505 1126 No <gap/> to No 6. No answer. But on Thursday the 9th Mr Vansittart having
592 1100 2437 1194 on Tuesday the 7th me me
608 1123 2514 1244 written to Mr Bentham a spontaneous note, appointing him to
603 1219 2492 1374 call on him (Mr Vansittart) at his chamber in the Treasury
591 1333 1992 1435 on Thursday the 9th at half past 10, on that day
611 1368 2526 1519 on other business, Mr Bentham, after wasting several hours after
1021 1462 1739 1541 he my I
628 1471 2528 1632 Mr Vansittart knew of his arrival. was shewn into Mr Hiley
1023 1575 1732 1655 I found
609 1580 2507 1737 Addington, with whom was Mr Long who had been an hour
1428 1682 1650 1755 with him
617 1693 2513 1839 or an hour and a half in close conference. with him I have
1391 1800 1437 1832 a concerted, and to me most unexpected
587 1826 2473 1998 drawn up the relation of this conference, which was an extremely
937 1960 1010 1994 a
610 1945 2562 2105 curious one. The object of it was to put me by from insisting
616 2100 2495 2224 in a demand, which they were alike afraid to comply with or
605 2217 2530 2410 refuse. A sham offer was made me by Mr Long (500 Convicts
625 2344 2478 2503 with compensation for the reduction). The mode was by accusing me
625 2475 2503 2656 of the <gap/> perversity for not having understood to him to have an
690 2594 1444 2687 meant, what I knew it to be
633 2616 2502 2736 intended what he neither at once impossible he should have meant,
613 2729 2488 2851 besides that it is expressly negatived by his own official letters. Mr
1252 2813 1850 2894 till Parliament was up
610 2838 2431 2978 Vansittart kept me quiet, by another time, short there and by
619 2982 2510 3136 master of pretended kindness: _ but, that the offer was never meant
622 3095 2429 3237 to be realized, appears by the two next letters, and the inaction
590 3245 960 3341 that ensued.
