2731 4096
1110 121 1550 212 N. S. Wales
228 341 1934 448 if they knew any thing, they knew it could not legally be done:
230 463 1858 540 a to the constitution was therefore included in their
222 565 1930 671 measures for what reason is, I trust, by this time pretty well
227 717 698 801 out of dispute. _
412 817 1943 920 To assist the judgment in its conception of the degree of the
223 947 1906 1037 enormity, an example, such a neighbouring Country affords,
227 1063 1928 1143 an example, similar in kind, how short soever in degree may
218 1199 1042 1249 not be without its use. _
481 1301 1847 1384 By the French Directory, a number of persons, known
225 1423 1927 1524 enemies to the form of government existing in that country, were,
209 1526 1941 1634 for that enmity, without trial, sent to French Guiana, an old
218 1661 1901 1740 established Colony, where they were confined within the limits
217 1786 1524 1880 of the Colony, but not in a state of bondage.
452 1906 1951 1991 By William Pitt, a number of his fellow subjects already
216 2019 1948 2125 ten times as great, and destined continually to increase _ unfor­
214 2132 1950 2223 ­midable and unconnected individuals none of them so much
228 2253 1885 2357 as suspected of any enmity to government _ mean wretches
226 2390 1858 2481 convicted of nothing beyond petty depredation _ were sent to
236 2487 1969 2564 New South Wales, a then unpeopled waste, at thrice the dist­
219 2613 1957 2714 ­ance of French Guiana, there to be consigned to bondage: sent
217 2727 1929 2837 indeed according to law, but in the design of detaining them
220 2855 1933 2945 contrary to law, and for life: _ and in an unlimited propor­
214 2970 1973 3072 ­tion, and for unlimited times, after the bondage had ceased to
227 3085 1961 3197 be legal: _ and in a country vaunting all the while its justice,
228 3213 1955 3289 and its constitution, and its liberties, this design has not only
223 3324 1857 3411 been carried into execution, but persevered in, persevered in
220 3435 1884 3539 with open eyes, and by fresh and repeated acts of perfidious
222 3589 1330 3671 cruelty, for these ten or twelve years. _
1700 3614 1976 3694 The French
