2731 4096
802 138 1178 264 Letter 3d
216 290 1950 442 XVI. Penitentiary system in England - Improved local
211 438 633 526 prisons. _
485 503 1938 606 So much having been said of what has been
235 614 1949 752 done in this way in foreign countries, the omission
214 723 1957 867 might well seem a strange one, were nothing said
236 841 1973 989 of what has been already been done in this way
223 1003 840 1082 here at home. _
494 1066 1957 1207 On this subject however it would be in vain
234 1209 1920 1349 for me to attempt to speak with any distinctness
234 1355 1316 1461 and that for various reasons.
507 1426 1964 1570 In the first place, I know not to which of
221 1535 1902 1679 the existing prisons the denomination may be
255 1663 1963 1808 applicable, nor what the number of them may
244 1776 1929 1896 amount to in the whole. In England, Wales
218 1886 1905 2030 included, * what number of prisons nearer theree
217 2006 1914 2126 three hundred than two: prisons improved upon
217 2124 1929 2253 the penitentiary plan, between half a dozen, I
217 2238 1953 2359 should suppose, and a dozen. Your Lordship knows
213 2344 1874 2503 precisely: or at any time may know, from those
226 2469 1927 2626 connoisseurs in prisons, who are as much at home
225 2564 2030 2729 in "improved prisons" as they are in "improved Colonies." (a)
485 2708 1912 2827 2. In the next place, it is only in here & there
245 2803 1935 2949 an instance that the accounts would be accessible
222 2951 1930 3063 to me: and were they even all before me, to speak
223 3075 1913 3228 of all would require a work of itself; to dwell
225 3189 1895 3315 upon one or two only, might be a sort of injustice
231 3349 648 3417 to the rest.
472 3437 1978 3524 To all then int "improved" prisons , in what other
231 3542 2004 3648 respects sove soever improved or supposed to be improved,
240 3662 1899 3769 one feature of improvement belongs in common _
229 3775 2003 3871 enccr encrease of enclosed space. In each instance, this
1742 3851 1994 3914 increase
