2731 4096
583 80 2021 189 + F 9 10 15 Dot
83 201 1950 319 ยง8 Establishment increased a pretench for crushing it
1508 348 1596 405 be
187 378 1831 484 Counties in respect of those goals, but would the means
1241 457 1387 535 (e)
185 478 1837 604 of the Gaols themselves being neglected (e) _ by which means
183 598 1921 705 the greater part of the Prisoners, who now are; or hereafter may
185 702 1933 815 be, confined in them, would necessarily be sent to the Panopticon,
186 821 1887 916 where the expences attending their custody must be borne by
1801 876 1941 960 (F)
178 932 1928 1030 Government, instead of being defray'd by the respective Counties.
221 2101 1799 2235 F.10. Mr King To Mr Bentham. 15 Oct. 1799
483 2194 950 2258 House _ of Commons
269 2198 1694 2332 Returns Accounts of New South Wales Ao 1792.
389 2276 1883 2414 Mr King presents his Compliments to Mr Bentham, and
1782 2317 1923 2398 (a)
207 2375 1907 2512 returns him many thanks for the use of the inclosed papers.
