2731 4096
717 126 1082 233 Letter 3d
705 226 1817 312 £45 a year per head has never been
198 276 1920 393 for that object no expence has ever been thought
190 398 1988 498 too great in Your Lordship's Office, any more than
190 508 1940 628 in the office underneath: I mean so long as improved
199 631 1933 748 Colonies have been the scene of it . But
192 752 1963 898 reformation is another thing. As to the ought
218 876 1974 1005 and the ought not, these are speculative points
234 999 1908 1145 and may be left to speculatists. The fact is,
204 1141 1966 1259 that money for this purpose is grudged, and to
205 1262 1977 1381 such a degree grudged, as to prevent the issue of
214 1389 1947 1537 it. If such be the fact, and (Your Lordship a
206 1520 2001 1646 little farther on will see it is) in the most opu­
203 1636 1920 1771 ­lent of all opulent Counties, what may it be
204 1783 1374 1892 **<SUB>** expected to be in the rest!? _
1969 1892 2137 1985 should
422 1900 1978 2022 Grudged or not grudged, another fact is, is
1307 1941 2507 2080 many more than I could have thought
198 2019 1987 2162 must be confessed, that in some instances the
207 2148 1985 2280 money looked upon as necessary for this purpose has
224 2272 1995 2411 been issued and prisons built accordingly: viz: these
842 2382 935 2471 (b)
216 2439 840 2527 improved prisons.
482 2506 1971 2631 Improved prisons built, and what has been
216 2638 1907 2762 the result,? In respect of reformation, separation
1166 2721 1394 2796 many
234 2747 1926 2864 over-done, over-done in some instances to the
249 2887 1972 3029 degree of absolute solitude: in all of them, or at
224 3016 1952 3148 least almost all of them, the influence of that
217 3144 1976 3251 solitude at the same time disturbed at least, if
222 3263 2000 3379 not utterly distroyed, regularly recurring associations.
468 3400 1954 3518 In respect of economy, £1000 a year perpetual
217 3519 1995 3637 rent, and for that £1000 a year £500 nexat profit -
210 3646 2021 3745 (neat in other respects) produced. Neat loss £50 per cent
238 3762 2045 3867 of the rent: and to produce this loss _ that is to reduce
1816 3844 2025 3908 the
