2731 4096
830 128 1163 240 Letter 3d
249 291 1959 401 "being transported": [and therefore none but those
234 418 1989 527 who, as soon as ever such opportunity arrives,
235 540 1993 631 are to be transported. _] It is after understanding
226 661 1907 766 this that his Grace proceeds to the "other" class
232 794 1936 907 of Convicts mentioned in the Act as included
229 898 1965 1052 by it intended by it to be consigned to such
252 1039 1980 1197 Penitentiary Houses viz: all besides transportable
246 1189 1787 1313 ones and of these he says as follows _
433 1300 2014 1405 " I incline to think it would be very inex足
223 1442 2018 1552 足pedient to remove such persons from the Country
245 1586 1955 1689 "Gaols, unless the crowded state of those Goals
235 1712 1988 1840 "should render it absolutely necessary : for it would
233 1861 2025 1964 "naturally tend , not only to check that spirit of
229 1988 2028 2083 "improvement which now so universally * prevails
239 2123 1977 2223 "in the several Counties, in respect of those Gaols,
236 2250 1978 2347 "but would be the means of the Gaols themselves
236 2388 1980 2483 "being neglected; by which means the greater part
243 2525 1957 2635 "of the prisoners who are or hereafter may be
253 2656 1982 2758 "confined in them would necessarily be sent to
239 2773 1985 2878 "the Panopticon, where the expence attending their
242 2918 2001 3028 "custody must be borne by Government, + instead of
241 3038 1779 3159 "being defrayed by the respective Counties."++
322 3265 1973 3361 * So universally ? - how universally? For an answer see
210 3348 681 3457 further on p.
338 3449 2016 3553 + _ [by Government] i:e: in the manner intended and pre足
212 3537 1973 3673 足 scribed by Parliament: viz: borne by the whole body of his
236 3643 1967 3771 Majesty's subjects, in the proportions adapted by Parliament
239 3757 1095 3846 to their respective faculties. -
322 3823 1958 3941 ++ - [defrayed . . . . by the Countries] i:e: defrayed by an already
1746 3885 2016 3951 overloaded
